2792 4930
216 243 282 316 ιιι
460 348 463 358 ¹
561 241 753 314 »nosnun
772 243 1002 314 nmmum
1041 219 1045 224 ’

214 410 342 501 peporcit
372 439 406 481 tr
433 417 486 480 sui
513 415 691 499 νυκτιριιιῖς
712 419 919 506 συμμετριῦσι
940 419 997 498 τὴν
1025 418 1145 504 cipibus
1167 418 1272 484 αὐτῶν
1292 427 1339 496 ²⁰).

216 522 282 586 Kal
310 517 439 596 τοιαύτη
469 522 525 602 μὲν
554 527 692 586 ποικιλία
720 525 782 587 τῶν
812 522 1050 608 incruentorum,
1094 521 1131 588 ου’
1160 524 1219 588 νῦν
1241 522 1287 606 ἐφ’
1308 521 1341 602 ἡ·

214 793 309 860 i'uerit,
327 800 430 860 duplex
446 795 515 847 ratio
531 796 619 846 afferri
637 805 732 858 potest.
768 796 873 858 Prima,
897 800 968 859 quod
985 797 1136 847 districtiori
1153 796 1260 860 ieiunio
1278 799 1343 845 cele·

215 885 354 944 bearetur,
389 883 604 947 superpositionis
630 883 732 932 seilicet
756 892 786 932 ut
809 897 886 943 supra
909 884 1079 932 ostendimus.
1116 885 1244 932 Secunda
1269 881 1342 940 ratio,

166 995 171 1008 »
216 973 287 1030 quod
304 972 371 1018 baec
387 971 530 1016 hebdomas
547 968 653 1029 proprie
671 971 703 1015 ud
722 971 816 1028 pascha
835 967 959 1028 pertinet.
995 969 1090 1017 Feriae
1112 969 1185 1016 enim
1203 969 1344 1015 bebdoma-

216 1054 257 1103 dis
280 1054 484 1104 denominantur
507 1062 667 1113 esequente
690 1053 836 1111 dominica,
863 1063 890 1101 et
913 1055 944 1100 ad
971 1067 1028 1101 eam
1050 1053 1203 1114 pertinent,
1230 1061 1262 1099 ut
1283 1051 1344 1099 alibi

197 1137 446 1188 demonstrabitur.
481 1139 570 1208 Quare
596 1152 655 1186 cum
682 1139 747 1186 haec
772 1139 916 1187 hebdomas
938 1138 1095 1186 dominicam
1111 1139 1268 1197 paschalem
1285 1149 1342 1196 pro·

212 1223 287 1273 ‘xime
312 1225 467 1289 antecedat,
489 1223 584 1272 merito
607 1223 687 1272 etiam
709 1225 742 1270 ad
761 1236 825 1282 ,eam
849 1223 974 1284 pertinet.
1009 1223 1080 1270 ilinc
1097 1225 1230 1282 estquod
1248 1223 1342 1270 bebdo-

214 1323 270 1359 mas
295 1306 396 1374 μεγάλη
421 1307 526 1356 dicitur.
562 1307 643 1356 Cuius
665 1308 785 1356 vocabuli
803 1321 894 1354 causas
912 1307 988 1356 affert
1014 1306 1221 1370 chrysostomus
1238 1304 1343 1354 bomilia

214 1395 258 1444 30.
276 1395 306 1442 in
324 1393 455 1444 Genesim.
479 1393 532 1441 Sed
550 1407 613 1441 vera
629 1391 704 1440 illins
721 1391 840 1442 vocabuli
858 1393 926 1440 ratio
942 1401 982 1440 est
999 1405 1077 1451 quam
1094 1392 1162 1440 dixi.
1189 1391 1258 1438 Gum
1275 1389 1343 1438 enim

215 1481 282 1528 bueo
299 1479 332 1528 sit
350 1482 491 1529 hebdomas
509 1480 637 1540 paschae,
664 1477 720 1526 dies
738 1487 826 1526 autem
844 1479 956 1536 paschae
974 1480 1125 1536 appelletur
1141 1473 1157 1538 ἡ
1174 1473 1281 1541 μεγάλη
1298 1491 1343 1522 ιυ-

216 1560 292 1632 ριιιιὶὴ
318 1560 366 1612 τοῦ
389 1560 491 1625 πάσχα,
520 1573 592 1611 recte
609 1561 690 1610 etiam
706 1564 771 1610 baec
788 1563 929 1610 hebdomas
946 1571 1034 1609 sancta
1052 1571 1078 1610 et
1096 1577 1192 1624 magna
1211 1561 1341 1624 cognomi-

215 1661 304 1700 natur.
341 1651 373 1697 Iu
389 1650 494 1712 'rypicc
513 1648 595 1696 sancti
613 1648 698 1696 Sabae
721 1647 817 1709 singuli
841 1647 897 1694 dies
915 1646 991 1694 huius
1014 1648 1186 1696 hebdomadis
1211 1646 1295 1694 saneti
1316 1654 1344 1694 et

214 1735 443 1797 magnivocautur
464 1736 514 1782 boc
536 1736 629 1782 modo.-
663 1727 679 1793 ἡ
704 1727 766 1795 ἁγία
783 1730 826 1778 neti
842 1727 943 1796 μεγάλη
963 1728 1086 1797 δευτέρα,
1106 1733 1189 1782 etsie
1207 1732 1339 1792 deinceps.

214 1819 363 1881 incipiebat
380 1828 468 1868 autem
484 1820 626 1866 hebdomos
643 1813 691 1866 illa
709 1817 804 1867 aleria
822 1821 982 1876 secundant
1004 1817 1125 1866 discimus
1142 1833 1178 1866 ex
1198 1817 1301 1880 cyrillo
1317 1824 1342 1863 et

216 1905 366 1965 Theophilo
390 1903 419 1951 iu
442 1901 555 1952 homiliis
580 1903 744 1964 paschalibus
768 1913 794 1952 et
820 1917 856 1952 ex
873 1901 1023 1963 Epiphanio
1041 1901 1069 1952 in
1085 1901 1224 1953 Ae'riunis.
1261 1903 1339 1949 Porro

215 1991 332 2049 quamvis
350 2003 366 2036 a
384 1988 582 2054 quadragesima
599 2002 788 2049 nonuunquam
804 1987 1006 2048 distingueretur
1023 1990 1056 2036 ob
1074 2001 1117 2036 ees
1135 1985 1270 2047 quasdam
1283 1999 1339 2034 cau·

215 2088 266 2134 sas,
284 2088 376 2122 revera
391 2069 478 2121 tamen
496 2057 631 2122 coniuncte
650 2083 705 2120 erut
722 2071 935 2134 quadragesimae
953 2072 1060 2128 eiusque
1073 2081 1194 2119 extrema
1210 2085 1272 2134 pars
1287 2078 1340 2118 emt

216 2168 244 2207 et
266 2163 496 2219 complementum.
532 2158 609 2206 Certe
631 2158 659 2204 id
679 2157 823 2205 manifeste
842 2157 974 2218 colligitur
991 2171 1026 2204 ex
1044 2156 1157 2203 homiliis
1176 2155 1338 2217 paschalibus

217 2241 329 2307 cyrilli:
355 2243 384 2292 in
410 2243 503 2302 quibus
526 2246 599 2330 haee‘
615 2242 762 2302 septimana
788 2253 918 2302 perpetuo
941 2241 1061 2287 distincta
1088 2242 1187 2304 legitur
1205 2255 1221 2288 a
1238 2239 1338 2298 reliqua

193 2347 195 2354 ·
216 2319 429 2390 quadragesima,
449 2338 475 2376 et
491 2327 636 2386 septimana
653 2323 764 2386 paschae
781 2339 899 2374 vocatur.
935 2327 1035 2372 Eadem
1062 2336 1148 2374 tanuen
1172 2321 1338 2387 quadragesi-

215 2427 275 2462 mae
297 2413 487 2472 contribuitur,
511 2412 610 2472 quippe
629 2425 696 2476 qu'ae
720 2412 890 2472 quadraginta
914 2411 1016 2458 dierunt
1032 2427 1169 2459 numerum
1187 2410 1337 2470 adimpleat.

216 2497 339 2558 Denique
363 2497 431 2544 illud
458 2496 539 2544 etiam
563 2499 752 2545 observandum
776 2507 828 2554 est,
853 2499 922 2555 quod
944 2495 1033 2544 scribit
1057 2493 1185 2545 Socrates
1195 2497 1225 2543 in
1249 2494 1297 2542 lib.
1313 2488 1338 2539 V

217 2596 275 2642 cap.
294 2582 347 2640 22„
376 2590 481 2628 veteres
507 2580 668 2628 Christianos
694 2583 818 2640 paschale
836 2577 911 2628 souin
929 2581 1056 2629 ieiunium
1072 2595 1179 2630 vocasse
1197 2581 1339 2640 quadrage·

196 2651 197 2656 ¹
215 2665 315 2723 simam,
333 2664 450 2726 quamvis
475 2679 529 2714 uon
547 2665 607 2714 totis
625 2665 794 2728 quadraginta
813 2666 905 2713 diebus
923 2678 1012 2714 omnes
1029 2666 1185 2714 ieiunarent.
1224 2664 1337 2722 Eiusque

215 2749 336 2800 vocabuli
361 2749 446 2796 varias
468 2748 580 2796 averiis
598 2765 688 2798 causas
711 2750 798 2798 afferri
817 2751 888 2800 dicit.
925 2747 997 2800 Mihi
1016 2751 1122 2809 quidem
1140 2747 1337 2809 quadragesima

216 2835 284 2883 diota
307 2835 411 2882 videtur
436 2837 530 2882 eodem
555 2837 649 2892 modo,
673 2849 724 2894 quo
750 2834 964 2898 quinquagesima
988 2849 1055 2894 quae
1078 2846 1117 2884 est
1140 2844 1203 2894 post
1231 2834 1333 2895 paseha.
1382 2833 1383 2902 ζ

215 2922 284 2970 Nam
305 2929 335 2968 ut
357 2917 571 2981 quinquagesima
597 2933 643 2968 seu
661 2931 830 2980 pentecoste,
853 2920 960 2980 proprie
986 2920 1091 2977 quidem
1114 2929 1153 2968 est
1170 2919 1267 2966 ultime
1284 2914 1335 2960 diet

215 3009 249 3054 de
276 3004 463 3065 quinquaginta
487 3003 542 3051 illis
568 3003 660 3053 diebus
677 3008 800 3065 paschale
816 3006 912 3054 festum
928 3005 1160 3063 subsequentibus,
1178 3014 1269 3051 tamen
1285 3003 1335 3046 lata

215 3098 320 3148 sumpto
342 3091 487 3147 vocabulo,
510 3088 644 3136 interdurn
667 3089 796 3151 siguificat
812 3100 895 3140 totum
911 3089 980 3135 illud
997 3089 1110 3148 spatium
1127 3089 1250 3144 dierum,
1269 3083 1334 3145 quod
1382 3141 1383 3152 ἢ

216 3183 256 3223 est
273 3187 287 3220 a
306 3173 402 3232 pasche
430 3173 463 3218 ad
480 3183 666 3232 pentecosten,
690 3183 719 3223 ut
736 3177 805 3234 apud
823 3174 1016 3236 Hieronymum
1034 3173 1062 3220 iu
1079 3173 1190 3234 epistole
1210 3172 1335 3221 editior·
1382 3207 1383 3248 ἢ

216 3259 331 3316 sellam,
364 3257 435 3316 apud
463 3255 617 3305 Cassianum
640 3268 667 3308 et
693 3262 840 3318 complures
863 3259 938 3307 elios.
973 3258 1017 3306 Sic
1040 3257 1119 3306 etiam
1142 3255 1333 3318 quadragesime
1382 3263 1383 3266 ’

213 3341 323 3407 proprie
339 3340 446 3402 quidem
464 3350 503 3388 est
521 3342 577 3390 dies
593 3356 662 3391 uuus
680 3345 713 3392 de
732 3343 915 3405 quadraginta,
934 3343 990 3392 dies
1007 3343 1108 3391 scilicet
1125 3355 1275 3404 paraseeve,
1293 3335 1333 3398 qui

214 3427 321 3490 quidem
344 3428 414 3487 apud
436 3425 634 3474 Alexandrinos
661 3437 717 3476 erat
743 3429 970 3490 quadragesimus,
993 3439 1023 3476 ut
1048 3442 1084 3476 ex
1109 3426 1205 3490 cyrilli
1223 3422 1332 3476 homiliis

212 3509 379 3575 paschalibus
396 3520 504 3560 constat.
540 3511 630 3559 Latius
646 3521 736 3560 temen
752 3523 854 3574 sumpto
870 3517 1007 3574 uocabulo,
1043 3513 1161 3574 designat
1178 3512 1258 3560 etiarn
1274 3521 1331 3570 qua·

213 3597 332 3658 draginta
356 3593 412 3644 dies
434 3595 594 3644 ieiuniorum
617 3595 661 3656 qui
683 3599 780 3656 pascha
807 3602 973 3648 antecedunt.
1009 3599 1084 3654 [Vid.
1105 3601 1141 3645 lo.
1160 3597 1285 3644 Dullneus
1300 3594 1330 3638 de

211 3681 318 3732 ieiuniis
336 3688 362 3728 et
379 3680 584 3741 quadragesima,
602 3683 729 3730 Darentr.
750 3680 824 3731 1654.
843 3681 869 3730 8.
888 3685 990 3739 11.]-
1022 3685 1067 3740 ²0>
1086 3681 1273 3747 Σιιμμετροῦσι
1288 3673 1331 3738 τὴν

213 3764 313 3834 ἡμέραν
342 3758 438 3814 αὐτῶν.
475 3763 565 3813 Miror
589 3773 629 3814 tot
648 3765 768 3814 homines
786 3766 916 3827 eruditos,
935 3767 980 3828 qui
997 3770 1067 3816 huuc
1081 3768 1183 3815 Irenaei
1200 3771 1289 3815 locum
1304 3761 1329 3812 in

211 3853 266 3904 suis
282 3849 359 3900 libris
376 3859 575 3908 exposuerunt,
603 3851 658 3898 eius
675 3849 700 3898 vi
716 3867 768 3900 rum
785 3865 839 3901 uon
856 3852 1080 3902 animaduertisse.
1115 3852 1179 3919 Quis
1203 3851 1273 3900 euim
1288 3853 1331 3906 ¹etl

211 3951 304 3988 seusus
329 3938 424 3983 horum
445 3933 603 3982 verborum?
640 3945 685 3983 aut
708 3936 767 3995 quis
788 3951 903 3996 uuquam
925 3941 1016 3984 credat
1037 3929 1329 3991 fuscatumsuum

212 4018 384 4084 quadraginta
400 4018 524 4066 horarum
546 4017 631 4078 spatio
649 4019 720 4068 diem
742 4019 916 4068 metirentur?
951 4021 1035 4081 Atqui
1061 4022 1231 4082 quadraginta
1249 4023 1325 4068 horae
1382 4011 1383 4018 ¹

211 4107 321 4160 biduum
342 4101 520 4152 ieiunantibus
545 4101 670 4152 efficiunt.
704 4104 836 4164 Equidem
858 4119 913 4156 nou
940 4106 1047 4165 dubito,
1074 4106 1141 4166 quin
1155 4107 1278 4154 irenaeus
1293 4100 1328 4148 ita

212 4189 359 4253 scripserit:
389 4183 424 4236 Οἱ
449 4183 477 4234 δὲ
500 4183 694 4254 τεσσαράκοντα
719 4184 788 4255 ὥρας
809 4186 933 4256 ἡμερινὰς
951 4206 983 4238 us
1005 4188 1049 4238 soti
1064 4188 1211 4258 νυκτερινὰς
1233 4201 1327 4252 συμμέ-

211 4275 305 4346 spodos
321 4268 369 4336 cip
386 4265 515 4336 esuritor.
535 4273 594 4344 (tua
616 4273 743 4334 scriptura
763 4275 831 4324 nihil
851 4277 960 4338 planius·
972 4289 1029 4327 esre
1044 4287 1140 4338 potest.
1175 4280 1262 4350 Quare
1287 4277 1332 4320 eut·
