2792 4930
236 309 300 376 ttd
546 347 550 356 ·
591 295 776 366 EUSEBII
796 295 1028 402 rastrum

233 507 305 558 των,
329 469 553 550 οἶκοινωνήτους
575 470 673 554 ἄρδην
696 469 814 544 πάντας
828 455 906 544 ἱτούς
922 471 1016 535 ἒκιῖσι
1037 467 1264 553 ’ἀνακηρύττων
1284 445 1380 535 ιῖδσλ-1

236 580 324 666 (poia.
369 576 455 642 'Ati’
477 574 514 640 οιῖ
535 573 613 639 πᾶσί
633 599 666 658 ys
690 559 754 647 aci}
775 571 955 647 ἐπισκόποις
977 572 1063 640 ιαῦτ’
1090 574 1251 658 ἠρέσκετο.
1295 572 1366 638 'Au-

237 680 629 768 ronanusstsdoucatdita
653 677 746 760 αὐτῷ,
770 677 807 739 cci
832 679 886 754 τῆς
909 675 1031 758 εἰρήνης
1047 683 1099 742 rui
1122 680 1176 755 τῆς
1195 673 1280 762 notia
1303 676 1367 756 τούς

237 791 368 865 πλησίον
388 782 526 856 insiccata
546 785 598 845 καὶ
620 781 741 864 ἀγάπης
763 782 896 861 oponsiu-
945 783 1098 863 Φέρονται
1116 786 1149 846 δὲ
1172 785 1228 844 καὶ
1248 787 1283 845 αἱ
1304 782 1369 848 τοί·

241 921 302 958 των
332 891 433 968 φωναὶ
443 937 450 965 ,
483 884 731 969 πληκτικώιιρον
762 885 1008 966 καθαπτομένων
1030 886 1086 949 τοῦ
1104 889 1275 968 Βίκτορος.
1317 885 1369 947 Ἐν

240 995 287 1071 οἷς
311 996 362 1058 καὶ
386 990 402 1056 ὁ
425 993 593 1072 Εἰρηναῖος
614 991 648 1054 ἱκ
669 984 837 1071 προσώπου
860 984 902 1070 ὧν
924 986 1024 1071 ἠγεῖτο
1044 993 1087 1071 ¹²)
1110 989 1189 1056 κατνὶ
1212 987 1274 1065 τήν
1296 993 1371 1060 ,Γαλ-

242 1123 474 1195 -Ᾰ-ἰ--·
510 1133 513 1140 ’

243 1227 322 1278 atque
338 1213 519 1264 interminatus
536 1212 580 1262 sit.
617 1213 694 1281 Quod
713 1213 747 1258 ad
762 1223 807 1258 sne
824 1211 927 1268 attinet,
946 1214 996 1260 boc
1013 1221 1174 1273 postremam
1192 1213 1284 1262 verius
1302 1222 1369 1273 puto.

244 1301 352 1354 Etenim
369 1299 497 1348 Eusebius
515 1297 613 1344 diserto
631 1293 724 1344 dicit’
712 1295 865 1360 απιτέμνιιν
882 1295 1012 1362 πειρᾶται.
1048 1297 1152 1347 Deinde
1169 1299 1306 1358 epistolae
1322 1298 1370 1345 lre·

245 1386 306 1438 naei
324 1395 351 1434 et
368 1369 481 1433 aliorum
499 1395 682 1441 episcoporum
700 1385 733 1429 ad
750 1381 888 1432 Victorem
890 1383 1026 1451 scriptae,
1043 1383 1105 1431 satis
1122 1392 1240 1458 arguunt
1257 1397 1315 1430 rem
1332 1384 1370 1427 ad·
1381 1391 1382 1408 ³

246 1470 327 1520 bno
319 1485 348 1518 ιιι
376 1466 504 1530 pendenti
525 1466 625 1520 fuisse,
649 1479 698 1514 nec
706 1455 888 1516 damnationis
905 1467 1060 1516 seutentiam
1078 1467 1230 1522 etiamtum
1235 1481 1251 1514 a
1270 1467 1371 1514 Victorc

247 1555 277 1604 in
294 1553 408 1604 Asianos
426 1551 507 1598 foisse
525 1551 663 1610 prolatam.
701 1550 744 1598 Sic
762 1551 833 1598 enim
850 1553 941 1600 scribit
958 1552 1088 1600 Eusebius
1112 1554 1149 1599 do
1169 1551 1279 1600 irenaei
1295 1550 1370 1598 literis

248 1642 282 1689 ati
304 1637 457 1686 Victorem:
480 1632 516 1696 τῷ
541 1629 621 1697 γιμὴν
647 1633 758 1700 Βίκτορι
775 1633 960 1701 προσηκόντως
979 1631 1013 1690 ὡς
1028 1631 1067 1701 μὴ
1086 1631 1236 1684 inarimos
1256 1631 1318 1690 ὅλος
1335 1636 1369 1681 is-

250 1721 356 1785 πλησίας
382 1717 465 1776 θεοῦ,
489 1716 597 1767 uitione
621 1715 695 1786 i‘rapu
718 1724 846 1788 παραινεῖ.
877 1725 1005 1779 ,Nondum
1027 1735 1089 1782 ergo
1113 1711 1241 1770 ecclesias
1264 1721 1382 1769 Asines

251 1807 435 1860 communione
452 1803 547 1853 Victor
564 1808 724 1864 absciderat,
742 1821 802 1855 cnm
818 1811 865 1870 has
882 1789 974 1856 literas
991 1805 1118 1856 scriberet
1135 1809 1279 1864 irenaeus,
1298 1819 1370 1864 quon·

252 1892 395 1954 doquidem
410 1889 547 1938 Victorem
564 1892 690 1939 irenaeus
708 1894 748 1940 his
765 1893 850 1942 literis
869 1883 1010 1952 admonet,
1029 1887 1063 1938 ne
1080 1891 1139 1938 illas
1157 1896 1189 1940 ob
1210 1889 1310 1938 vetusti
1324 1900 1370 1936 mo·

252 1979 290 2027 ris
316 1974 511 2026 observantiam
535 1976 647 2025 atotius
665 1978 791 2026 ecclesiae
809 1992 919 2040 corpore
936 1976 1076 2046 seiungere
1092 1973 1166 2024 velit.
1205 1977 1371 2024 Socrates
1341 1981 1371 2018 ta
1382 2003 1383 2008 ,

254 2077 317 2113 men
334 2077 362 2108 nr
377 2060 448 2108 libro
465 2058 500 2106 V.
522 2075 579 2120 cap.
598 2063 641 2110 22.
677 2062 786 2111 Eusebia
801 2049 938 2112 vericata
956 2060 1070 2122 accepit,
1094 2060 1168 2119 quasi
1186 2056 1369 2112 VictorAsia·

255 2162 304 2198 nos
322 2160 337 2193 a
356 2143 537 2194 communione
554 2160 600 2192 sua
618 2147 792 2205 separaverit.
828 2145 942 2206 Atque'
935 2158 971 2193 na
988 2155 1079 2193 auctor
1096 2145 1159 2192 libri
1176 2143 1316 2208 synodici,
1334 2157 1371 2190 cu·

256 2232 298 2280 ius
314 2240 405 2279 tamen
421 2227 599 2276 testimonium
615 2231 690 2290 parui
706 2211 786 2280 facio.
807 2231 949 2280 Observavi
968 2230 1038 2278 enim
1048 2229 1124 2277 illum
1140 2230 1302 2290 scriptorem
1313 2225 1371 2287 quit·

256 2315 314 2377 qni,-
332 2314 429 2373 inerit,
457 2315 538 2360 multa
557 2323 656 2362 temere
674 2314 834 2376 confingere.
870 2317 922 2364 Sed
939 2325 1054 2363 nostram
1072 2306 1229 2366 sententiani
1248 2300 1372 2362 ccnfirnat

255 2401 341 2462 primo
359 2399 486 2446 Eusebius
503 2397 605 2468 ipsein
622 2399 687 2446 locis
705 2413 785 2459 snpra
804 2401 897 2448 citatis.
932 2401 1034 2446 Deinde
1052 2399 1158 2448 Photius
1175 2402 1204 2448 iu
1223 2398 1372 2465 bibliothcm

191 2500 194 2504 ·
258 2501 316 2545 cop.
336 2484 394 2540 120,
413 2482 458 2528 ubi
476 2481 565 2528 scribit
582 2483 723 2531 Irenaeum
744 2487 834 2544 plures
852 2484 955 2539 dedisse
971 2483 1063 2532 literas
1081 2487 1113 2530 ad
1131 2483 1271 2533 Victorem
1289 2491 1384 2542 papant

259 2571 323 2615 dunt
347 2565 422 2614 illum
446 2567 584 2626 hortatur,
611 2582 645 2614 ne
664 2571 697 2616 ob
714 2568 903 2619 dissensionem
920 2573 953 2618 de
970 2571 1065 2630 pascha
1082 2555 1148 2615 ullos
1167 2583 1181 2616 a
1200 2563 1372 2618 communicat

260 2651 389 2700 ecclesiae
418 2660 575 2711 segregaret.
610 2652 681 2713 Ergo
707 2664 768 2701 ante
784 2655 874 2704 literas
891 2654 1013 2710 irenaei,
1037 2651 1169 2702 neminem
1187 2655 1275 2700 adbuc
1291 2651 1372 2699 Victor

262 2751 277 2784 tt
305 2733 489 2783 communione
511 2719 699 2794 praesciderat.
735 2737 788 2785 Sed
811 2753 897 2803 nequa
915 2740 967 2787 dici
986 2749 1089 2798 potest,
1108 2748 1166 2798 post
1184 2737 1310 2796 epistolas
1326 2733 1371 2778 ite·

259 2819 321 2868 naei
343 2820 371 2866 id
394 2835 410 2866 a
434 2818 544 2867 Victore
569 2821 667 2870 iactum
689 2821 778 2872 inisse.
814 2825 902 2873 Primo
926 2824 997 2871 enim
1023 2823 1152 2870 Eusebius
1171 2824 1223 2870 boo
1238 2835 1294 2868 non
1311 2815 1370 2872 dicit,

260 2919 315 2955 rton
332 2903 473 2953 amissurus
489 2903 589 2964 utique,
608 2901 632 2955 si
649 2906 678 2954 id
695 2922 710 2954 a
728 2905 837 2957 Victore
855 2919 946 2970 postea
963 2910 1061 2958 iactum
1078 2907 1179 2954 inisset.
1214 2908 1298 2953 Immo
1317 2911 1371 2947 vett

260 3003 369 3050 prorsus
387 2987 546 3036 contrarium
562 2989 665 3050 intrarit,
692 2993 754 3040 dum
771 2977 911 3042 Irenaeum
928 2995 961 3042 cb
979 2993 1127 3039 huiusmodi
1144 2993 1234 3038 literas
1251 2996 1326 3038 vocat
1341 2980 1372 3029 si·

264 3069 418 3140 ρηνοοσιὸν,
442 3073 469 3119 id
495 3083 550 3131 est,
576 3074 645 3135 pacis
668 3087 811 3126 auctorent.
846 3077 952 3125 Literae
974 3077 1054 3138 igitur
1075 3075 1178 3124 hennei
1196 3078 1230 3122 ad
1247 3073 1372 3122 Victorem

261 3172 358 3220 papam
374 3157 505 3216 scriptae,
523 3173 614 3217 pacem
632 3161 760 3209 ecclesiae
778 3162 975 3224 praestiterunt.
1009 3161 1075 3209 Cum
1100 3161 1170 3208 enim
1192 3159 1290 3207 Victor
1305 3165 1371 3216 para·

262 3253 303 3290 tus
321 3250 390 3290 esset
406 3241 685 3316 excommunicationis
702 3246 862 3293 sententiam
878 3260 1000 3306 promere
1024 3249 1146 3294 adversus
1168 3243 1298 3300 Asianos,
1325 3239 1370 3282 Ire·

261 3325 322 3373 naci
347 3325 457 3386 epistota
483 3341 545 3376 eunt
561 3329 593 3374 ab
611 3329 661 3376 hoc
678 3329 787 3393 consitio
805 3330 922 3380 dimovit.
958 3331 1047 3400 Quare
1065 3344 1118 3378 nou
1136 3327 1266 3376 assentior
1281 3317 1372 3371 Halloi·

263 3407 324 3466 ¹5⁰·
348 3409 393 3470 qui
419 3413 452 3456 ad
477 3411 558 3460 ritant
579 3411 684 3460 irenaei
706 3427 766 3476 pag.
785 3414 845 3462 aas.
865 3413 957 3463 asserit
973 3413 1110 3463 Victorem
1128 3415 1254 3460 adversus
1271 3407 1372 3458 Asianos

220 3547 222 3552 .
261 3495 537 3544 excommunicationis
553 3495 644 3542 tulisse
662 3497 838 3549 sententiam.'
849 3499 924 3556 [Vid.
944 3503 1073 3548 Εκσκνιιιι
1088 3497 1137 3548 VI.
1156 3501 1206 3554 IL]
1225 3523 1260 3534 -
1278 3491 1320 3556 12)
1331 3485 1371 3535 Ei·

263 3581 369 3642 ρηνιιῖος
395 3581 421 3626 ἐκ
446 3575 585 3643 προσώπου
612 3573 647 3626 ὥν
664 3576 762 3644 ripalta.
797 3579 857 3631 Fuit
874 3583 953 3646 igitur
970 3587 1033 3632 haec
1050 3583 1153 3632 irenaei
1176 3582 1285 3644 epistola
1302 3586 1371 3640 synt·

260 3663 337 3721 dica,
354 3672 445 3722 utpote
461 3664 557 3724 scripta
575 3665 680 3714 nominc
698 3667 867 3716 ecclesiarum
885 3669 1000 3727 Galliae,
1020 3669 1093 3716 citius
1110 3677 1189 3728 capnt
1205 3675 1261 3714 erat
1278 3661 1370 3720 Lugdu·

260 3761 335 3798 num
368 3748 483 3799 Proinde
506 3750 569 3796 baec
593 3751 704 3826 epistola
724 3752 821 3800 reterri
845 3755 971 3800 debuerat
992 3754 1063 3801 inter
1085 3752 1196 3800 conc‘tiia
1222 3748 1331 3800 catriae,
1346 3745 1370 3784 ¹¹³

259 3833 324 3880 clins
341 3831 431 3880 monui
447 3832 571 3882 iacobum
587 3835 756 3884 sirmondum
772 3837 855 3884 virus:
876 3839 1061 3894 doctissimum,
1070 3849 1118 3883 nec
1136 3849 1250 3894 unquam
1266 3829 1315 3878 nisi
1330 3827 1369 3869 bo·

258 3913 369 3964 norilice
394 3918 592 3964 nominandum.
628 3920 733 3968 Etenim
755 3922 803 3968 iile
826 3921 968 3970 editionem
994 3935 1068 3970 suom
1088 3919 1259 3968 conciliorum
1277 3908 1368 3962 Galil(¹⁸

258 4013 275 4046 a
292 4000 455 4048 Constantini
474 4002 631 4060 temporibus
650 4020 759 4054 exorsus
776 4015 830 4064 est,
855 4008 904 4055 boc
921 3992 1006 4056 solum
1023 4006 1051 4051 in
1070 4003 1232 4064 praefatione
1257 4012 1302 4047 sna
1319 4004 1369 4040 mo·

258 4083 348 4132 Enim
374 4094 524 4140 ⁰⁰1¹10¹¹²1¹⁸s
549 4089 614 4132 ditat
640 4092 755 4148 syttcdos
780 4089 967 4153 Lugdunenses
993 4089 1086 4148 quibus
1105 4087 1218 4149 praefuit
1242 4087 1367 4132 Irenaeo»

257 4167 412 4224 memorari,
432 4181 542 4228 quartus
558 4169 587 4217 in
605 4173 688 4219 altera
704 4172 864 4222 Valentinus
882 4185 908 4222 et
924 4173 1050 4224 Marcion
1065 4173 1178 4220 damnati
1195 4173 1256 4220 sint.
1289 4167 1319 4212 111
1335 4159 1368 4206 ³¹·

256 4262 394 4301 taratara
411 4257 506 4313 pascha
524 4254 629 4304 nonnisi
647 4255 690 4302 die
708 4256 837 4306 dominico
854 4255 1040 4306 celebrandum
1059 4273 1117 4306 curm
1134 4258 1258 4307 tredecim
1275 4247 1367 4310 epitw·

256 4336 295 4384 nis
325 4337 451 4388 tranacta
478 4340 605 4395 docrevit.
641 4337 744 4390 Veram
774 4341 900 4402 quoniam
928 4344 1023 4391 barum
1049 4321 1367 4406 synodorum-obscurior
