2738 4926
158 213 202 282 se
332 315 335 326 Ι
512 213 696 285 uusuuu
714 195 944 284 Pshffll'm

161 384 206 469 τῷ
232 382 300 452 τότε
317 383 484 470 Ῥωμαίων
504 385 661 472 ἕπισκόπῳ
672 433 682 466 ,
706 387 760 471 τῆς
781 385 842 452 τῶν
863 385 1036 466 insinueris
1059 383 1207 478 εἰρήνης
1231 387 1322 454 ἕνεκα

160 486 380 576 πρεσβεύοντες
404 496 442 570 ¹).
1068 509 1072 516 ·

119 761 121 766 ,
162 727 192 781 in
208 735 259 784 hoc
273 732 446 785 ·'l’crtulliani
468 737 528 784 leco
543 747 594 793 per
616 713 767 795 episcopum
794 735 942 784 Romanurn
969 731 1131 783 Anicetum
1160 731 1320 782 intellexit.

162 815 266 867 Verum
284 833 331 881 ego
348 811 520 868 Eleutherum
536 817 647 879 intelligi
666 821 752 879 petius
771 820 944 878 crediderim,
971 829 1029 867 tum
1060 821 1099 869 uls
1122 831 1158 867 ee
1181 831 1258 878 quae
1277 817 1320 864 hic

162 903 246 952 refert
263 905 391 953 Eusehtus
409 905 553 968 detlitteris
571 903 786 964 Lugdunensium
803 916 949 967 martyrum
973 908 1006 950 ed
1024 887 1229 952 Eleutherum
1250 903 1319 953 datis
1357 963 1358 970 ἵ

163 989 198 1035 de
215 1002 278 1048 poce
296 991 482 1049 ecclesiarum,
502 1001 558 1040 turn
575 994 609 1040 ob
626 991 654 1038 id
673 996 742 1052 quod
761 991 940 1039 Tertullianus
957 990 1099 1038 subnectit
1125 993 1165 1037 de
1186 983 1318 1048 praeces·

161 1085 252 1122 torum
270 1074 433 1136 auctoritate,
469 1076 538 1148 Quo
549 1076 654 1129 nomine
671 1077 790 1124 Soterem
808 1083 835 1121 et
852 1074 993 1122 Anicetum
1009 1077 1116 1147 procul
1132 1074 1224 1123 dubio
1245 1072 1317 1120 desi·
1357 1069 1358 1076 ’

164 1165 241 1218 gnet,
268 1153 323 1217 qui*
338 1159 462 1208 Montani
480 1160 643 1221 prophetiam
660 1160 872 1223 repudiaverunt.
908 1157 960 1204 Hic
978 1169 1052 1206 certe
1074 1159 1259 1206 Tertulliani
1276 1159 1316 1206 le·

166 1253 211 1288 cus
227 1245 304 1290 ualde
320 1242 429 1292 illustris
447 1255 502 1304 est,
520 1253 599 1292 etex
617 1243 703 1291 verbis
721 1235 829 1291 Eusehii
847 1224 918 1300 quae¹
930 1256 1000 1289 nunc
1017 1256 1088 1302 prae
1107 1243 1247 1291 munibus
1266 1244 1315 1288 ha·

163 1325 271 1385 bemus,
290 1327 433 1376 maximam
448 1332 534 1376 lucem
552 1327 656 1388 accipit.
674 1355 709 1394 .-
742 1327 771 1392 5)
793 1325 845 1388 Τῆς
861 1323 913 1372 τῶν
931 1322 1072 1387 ἐκκλησιῶν
1101 1323 1220 1392 εἰρῆνης
1239 1323 1314 1374 ἕνεκα

163 1409 358 1476 πρεσβεύοντες.
377 1413 626 1472 christophorsonus
644 1413 749 1472 quidem
767 1415 831 1459 haec
847 1413 930 1458 rerba*
944 1410 1036 1461 retulit
1053 1415 1209 1462 adsuetum
1228 1413 1313 1461 Eleu·

165 1498 270 1544 theruur
291 1499 427 1547 Romanae
449 1497 521 1549 urhis
546 1499 706 1561 episcopum.
739 1497 885 1570 *Egoyero
907 1497 940 1542 ed
959 1505 1086 1556 utrosque
1106 1497 1216 1546 reterri
1234 1507 1310 1558 puto,

165 1589 221 1629 tum
237 1585 269 1629 ad
287 1583 469 1640 Eleutherum,
487 1592 543 1630 tum
560 1586 592 1631 ad
608 1583 703 1630 fratres
720 1565 748 1629 in
765 1581 830 1628 Asin
848 1591 875 1630 et
891 1579 1006 1642 Phrygia
1033 1583 1214 1630 constitutos.
1237 1581 1308 1630 Gon·

166 1665 229 1713 sulti
252 1666 322 1713 euim
343 1667 448 1714 fuerant
470 1667 658 1728 Lugdunenses
681 1677 707 1714 et
729 1665 896 1714 Viennenses
920 1679 935 1712 e
961 1664 1089 1713 iratribus
1130 1667 1164 1713 iu
1193 1666 1263 1714 Asia
1282 1674 1310 1714 et

166 1748 283 1811 Phrygio
306 1749 519 1808 consistentibus,
553 1752 616 1811 quid
642 1751 806 1801 sentiendum
832 1757 901 1798 esset
923 1753 957 1808 de
979 1752 1233 1810 pseudoprophetia
1257 1751 1307 1798 ille

167 1847 234 1894 qnae
257 1837 326 1894 apud
348 1836 417 1895 ips'os
440 1845 532 1884 exorta
555 1837 656 1893 iuerat,
669 1883 671 1888 ,
684 1836 779 1896 quidve
802 1837 935 1896 egendum
951 1834 1021 1883 foret
1037 1835 1193 1894 Montano,
1213 1838 1306 1885 Theu-

166 1919 228 1967 dcto
236 1918 354 1978 aliisque,
365 1919 407 1979 qui
415 1933 463 1980 per
479 1919 585 1980 spiritus
593 1921 676 1969 sancti
694 1921 807 1983 gratiam
820 1921 907 1990 futuru
925 1933 954 1966 se
971 1919 1131 1979 praedicere
1150 1921 1302 1969 iactuhunt.
1357 1929 1358 1988 l

105 1999 108 2008 “
168 1998 1306 2078 DehisigiturLugdunensesacViennensespresbyteri,adAsianossententiamsuam
1357 2011 1358 2014 ’

151 2099 154 2109 ‘
168 2070 374 2149 perscripserunt
382 2089 508 2148 peculiari
515 2089 632 2149 epistola,
643 2105 720 2150 quam
729 2072 1299 2149 utinumhicquoqueappcsuisetEusehius.
1357 2087 1358 2116 l

169 2172 301 2232 Epistulas
311 2189 413 2234 quoque
420 2183 568 2236 martyrum
577 2189 607 2222 eu
615 2179 647 2222 de
657 2189 686 2222 re
694 2178 725 2221 ad
733 2173 845 2224 Asianos
857 2173 973 2232 scriptas,
986 2173 1039 2220 suis
1048 2173 1136 2221 literis
1144 2175 1303 2223 adiecerant

168 2256 318 2320 presbyteri
325 2261 517 2320 Lugdunenses,
527 2258 720 2308 utsenteutianr
736 2271 808 2306 suam
825 2257 979 2307 auctoritate
996 2268 1143 2324 martyrum
1157 2259 1301 2308 continua-

165 2351 238 2391 rent.
274 2345 349 2412 Quod
367 2345 389 2392 si
407 2345 536 2394 coniicere
551 2343 625 2401 licet,
643 2345 708 2391 haec
725 2343 833 2390 illorum
849 2341 953 2390 ridetur
969 2340 1050 2388 luisse
1067 2344 1214 2403 sententia,
1234 2358 1296 2404 pro·

169 2428 261 2488 phetas
277 2428 339 2478 illos
350 2429 468 2490 ,benigue
485 2429 632 2476 tractandos
650 2440 721 2487 esse,
740 2436 766 2474 et
783 2429 816 2472 ad
833 2425 1021 2485 poeniteutiam
1038 2432 1246 2488 provocandos,
1266 2441 1296 2474 ac

170 2511 193 2560 si
211 2513 317 2571 quidem
333 2513 526 2573 resipiscerent,
545 2513 577 2559 sd
595 2504 733 2560 ecclesiam
750 2509 921 2559 admittendos
939 2524 1004 2568 esse,
1022 2519 1051 2558 ut
1068 2525 1121 2571 pax
1139 2513 1215 2560 inter
1238 2513 1293 2559 fra·

171 2603 226 2644 tres
246 2597 382 2646 solidetur.
418 2597 447 2644 Si
468 2609 532 2648 tero
556 2596 702 2657 pertinaces
723 2593 753 2644 in
771 2608 861 2646 errore
879 2609 925 2644 suo
942 2605 1143 2655 permanerent,
1163 2612 1217 2644 nec
1234 2603 1294 2658 post

171 2680 323 2739 trequentes
346 2681 534 2730 admonitiones
557 2684 736 2740 obtemperare
758 2679 937 2729 sacerdotibus
954 2683 1075 2740 uellent,
1107 2680 1293 2729 aeecclesiae

172 2777 283 2825 torpore
306 2769 503 2820 abscindendos.
538 2769 619 2817 Porro
643 2767 676 2812 ab
702 2764 794 2814 iisdem
818 2765 1034 2826 Lugdunensibus
1051 2767 1220 2828 presbyteris
1238 2767 1293 2814 lre·
1357 2819 1358 2822 Ἴ

170 2863 253 2898 ueeus
269 2852 379 2900 Romam
396 2852 508 2900 directus
525 2861 564 2900 est
578 2854 610 2897 ad
624 2849 798 2898 Eleutherum
815 2865 918 2910 papam,
933 2865 991 2899 cum
1011 2849 1128 2909 epistolis
1149 2861 1203 2898 tem
1222 2865 1292 2899 mar·

170 2942 259 2997 tyrum
276 2950 354 2995 quarn
371 2935 549 2998 Lugdunensis
566 2935 643 2991 oleri,
670 2945 698 2983 ut
717 2949 775 2993 cum
790 2935 934 2996 Eleuthero
952 2936 985 2982 de
1009 2934 1102 2981 iisdem
1119 2938 1202 2982 rebus
1221 2948 1292 2984 cetu·
1357 2935 1358 2998 Ῐ

171 3020 324 3068 municaret.
360 3021 425 3074 Gum
447 3019 517 3068 eninr
541 3015 570 3068 in
594 3020 711 3069 omnihus
738 3019 917 3072 ecclesiasticis
943 3018 1053 3080 negotiis
1079 3017 1183 3077 primae
1202 3027 1290 3069 esseut

171 3113 258 3164 portes
275 3103 390 3164 episcopi
408 3104 530 3162 Romani,
548 3105 641 3156 merito
659 3106 842 3164 Lugdunenses
864 3105 930 3150 hunc
955 3103 1158 3151 controversiam
1176 3105 1211 3151 ad
1229 3117 1287 3153 eum

172 3190 337 3248 detulerunt,
361 3188 388 3236 id
411 3198 516 3252 ugentes
534 3199 560 3236 et
577 3189 696 3237 omuibus
718 3187 801 3244 modis
817 3191 967 3246 studentes,
997 3196 1026 3234 nt
1043 3187 1158 3248 episcopi
1176 3185 1287 3242 Romani

175 3272 327 3321 auctoritate
355 3287 421 3332 quse
449 3273 552 3333 semper
578 3272 609 3328 [ἓ
628 3275 685 3328 Ε]
710 3287 815 3334 summa·
832 3273 885 3320 iuit
906 3272 934 3318 iu
959 3271 1083 3330 ecclesie,
1119 3274 1186 3326 haec
1217 3272 1286 3334 apud

174 3354 267 3414 Arium
284 3367 339 3409 orta
357 3358 481 3429 dissemio
497 3361 643 3434 sederetur,
661 3365 688 3406 et
702 3371 758 3418 pax
772 3355 803 3408 in
819 3356 928 3410 ecclesie
943 3356 1134 3412 restitueretur,

638 3557 846 3580 W
