2738 4926
270 259 532 348 msnoltlun
552 272 740 347 EGOLES.
772 275 862 348 ΗΒ.
880 276 933 364 V,
954 278 1008 350 10.
1128 281 1173 364 bi

43 448 154 534 λόγον,
184 448 293 528 ἔνθεον
326 450 416 528 ζῆλον
434 445 654 516 deamones&
681 446 857 534 μιμήματος
886 448 1096 534 συνεισφέρειν
1125 450 1176 520 εἰτ’

44 552 174 632 nigricat
195 556 247 618 sni
266 554 412 642 οἰκοδομῇ
432 554 489 618 τοῦ
508 553 710 636 θεῖονλόγον
738 550 998 640 προθυμούμενοι.
1036 551 1101 621 Ὧν
1130 555 1175 634 εἷς

44 656 206 742 γενόμενος
228 659 281 722 ναῒ
302 655 319 724 ὁ
342 655 537 732 Himeraea,
559 658 612 720 rei
627 660 671 730 εἰς
691 655 808 732 'ledunc
830 657 932 722 ἐλθεῖν
953 659 1091 740 λέγεται·
1122 657 1173 748 ἔν·

47 770 94 824 θα
128 758 219 844 λόγος
248 759 347 842 εὑρεῖν
376 757 470 826 αὐτόν
503 757 693 847 προφθάσαν
722 757 779 837 τήν
809 758 906 824 ciceri
926 765 1117 846 παρουσίαν,
1136 759 1174 830 εδ

46 861 126 929 torci
164 863 338 930 Ματθαῖον
374 862 547 947 εὐαγγέλιον
577 860 664 949 παρά
691 887 773 928 ιιοιν
800 860 916 930 αὐτόθι
946 860 999 931 πᾶν
1030 863 1173 956 Χριοτᾷν

48 965 269 1051 ἐπεγνωκόσιν·
300 966 345 1040 οἷς
374 965 617 1050 Βαρθολομαῖον
647 965 708 1067 raia
736 964 914 1032 inustiles
940 967 994 1032 ion
1032 968 1172 1057 κηρύξαι,

47 1069 154 1144 αὐτοῖς
188 1094 221 1136 τε
247 1067 406 1156 Ἐβραίων
433 1068 595 1156 γράμμασι
617 1076 644 1150 ⁹)
675 1067 732 1147 τὴν
762 1069 817 1135 τοῦ
837 1075 1012 1157 Μαιθαιμν
1033 1075 1173 1141 seroie?-

45 1343 210 1395 cbristianae
235 1343 265 1393 ln
281 1341 433 1394 uuiversum
447 1357 503 1395 rex
520 1342 568 1392 iila
584 1343 613 1396 b.
631 1343 652 1392 1.
671 1341 741 1392 dieta
757 1353 807 1394 est.
840 1342 913 1396 Hire
928 1327 1029 1396 nollem
1045 1347 1171 1400 murus-

44 1439 103 1479 sent
128 1429 217 1491 ipsum
233 1421 351 1478 “verbum
374 1429 405 1478 in
429 1431 556 1478 vertendo
573 1427 699 1478 Valesius
716 1442 748 1478 tc
764 1428 911 1491 suasum,
927 1440 958 1480 ut
972 1445 1022 1482 nee
1038 1433 1170 1486 lutherus

43 1513 155 1563 retinnit
171 1516 206 1561 ad
221 1515 239 1564 2
256 1514 374 1564 ΤίιαοεΙι.
399 1513 451 1573 IV,
468 1513 507 1572 3.,
531 1512 578 1562 ubi
594 1516 662 1562 bene
680 1513 773 1562 vertite
791 1513 858 1562 eim
873 1514 1063 1579 meternes
1078 1517 1169 1567 Paedi-

41 1613 121 1662 gem
142 1606 233 1648 contra
249 1599 312 1647 Act.
330 1593 412 1647 xx1.'
430 1597 515 1646 ιιιίιιιιι
531 1607 618 1647 motez
636 1595 680 1646 der
695 1597 887 1662 Evusgebbter.
922 1600 1046 1650 Ceterum
1062 1601 1097 1652 ci.
1118 1601 1169 1652 Vi·

45 1683 138 1747 trirga
155 1687 189 1730 de
206 1696 339 1746 synagoga
355 1680 506 1742 steterim,
523 1681 551 1733 2.
568 1681 643 1730 Mori
657 1696 770 1732 acroam.
787 1682 817 1731 in
834 1683 951 1744 epistoll.
968 1685 1044 1733 Pauli
1062 1689 1095 1733 ad
1114 1688 1167 1736 (it-

44 1770 93 1816 lat.
121 1776 150 1816 et
166 1765 302 1833 [Ephesios
328 1781 357 1828 ρ.
384 1767 444 1816 233.
478 1768 516 1816 11.
541 1791 577 1804 -
610 1768 638 1822 0)
660 1761 760 1822 Αἰιιοῖς
775 1783 805 1814 τε
820 1761 950 1833 Ἑβραίων
967 1765 1104 1834 γράμμασι
1121 1765 1169 1834 τὴν

44 1849 92 1900 τοῦ
115 1849 268 1899 sternutae
292 1849 450 1914 κατιιλιῐψαι
472 1846 586 1917 γραφήν.
620 1850 731 1899 Rufinus
756 1861 784 1901 et
799 1851 980 1918 Hieronymus
997 1854 1026 1904 in
1043 1855 1169 1920 orange
1263 1867 1267 1872 ’
1312 1856 1339 1906 .’

44 1938 81 1984 ait
97 1937 263 1984 Pantaenum
280 1939 312 1983 ab
328 1937 403 1984 ludia
420 1940 576 1986 redeuutem
592 1935 801 1997 Alexandriam,
825 1939 991 2001 evangelium
1006 1940 1077 1988 illud
1093 1941 1168 1990 Mat·

42 2020 114 2069 thaei
132 2020 272 2068 Hebraicis
289 2021 374 2070 literis
390 2021 516 2082 scriptum
532 2035 621 2070 secum
638 2019 770 2073 detulisse.
805 2021 908 2070 Verum
924 2023 1052 2074 Eusebius
1069 2025 1096 2072 id
1112 2039 1169 2078 non

44 2105 116 2154 dicit·
152 2107 229 2176 Quod
252 2105 322 2154 euim
340 2105 412 2154 addit
434 2105 579 2154 Eusebius:
609 2099 641 2166 ἣν
666 2103 711 2152 καὶ
728 2101 862 2163 σώζεσθαι
880 2105 916 2162 εἰς
940 2103 987 2155 τὸν
1005 2105 1166 2174 δηλούμενον

40 2185 154 2256 χρόνον,
172 2191 222 2238 hoc
239 2199 339 2237 tautum
356 2188 406 2236 sihi
422 2192 505 2250 vrrlt,⁴
524 2193 664 2249 exemplar·
690 2190 758 2239 illud
775 2191 970 2241 Bartholomaei
988 2197 1021 2241 ad
1038 2191 1168 2248 Pantaeni

42 2289 126 2336 usque
144 2276 286 2323 adventum
303 2273 464 2333 inindicari,
482 2285 614 2322 servatum
631 2272 722 2324 inisse.
757 2276 798 2323 lte
823 2275 986 2336 Nicephorum
1001 2276 1031 2326 in
1049 2280 1096 2330 lib.
1115 2282 1167 2348 IV.

42 2375 100 2422 cap.
118 2359 162 2408 32.
181 2360 246 2409 Ιιιιοο
263 2357 371 2405 Eusebii
388 2360 467 2406 rerba
484 2369 556 2408 recte
574 2361 705 2427 exposuit.
742 2359 790 2408 Gai
808 2354 966 2410 tamennon
993 2365 1121 2414 assentior
1136 2363 1167 2415 iu

42 2459 74 2494 eo
92 2445 163 2503 quod
181 2440 257 2499 dicit,
277 2442 440 2504 evangelium
456 2443 526 2491 illud
543 2445 676 2502 Matthaei
699 2446 771 2505 quod
790 2447 858 2504 apud
881 2445 960 2495 Indos
976 2448 1077 2515 reperit
1093 2449 1166 2497 Pan-

42 2517 152 2586 taenus,
170 2541 185 2574 a
202 2527 406 2578 Bartholomaeo
423 2527 460 2576 ibi
479 2529 603 2576 dictatum
619 2531 709 2578 fuisse.
746 2527 910 2578 Crediderim
928 2532 1029 2592 potius,
1047 2533 1165 2584 codicem

42 2613 119 2662 illum
136 2609 267 2673 evangelii
284 2603 600 2674 ayBartholomt'reozilluc
619 2627 634 2662 e
651 2616 750 2662 Iudaea
768 2615 884 2662 delatum
902 2615 992 2666 luisse.
1012 2617 1088 2673 [viu.
1110 2621 1164 2667 Fa·

41 2696 127 2747 bric.
152 2695 207 2745 coci.
231 2696 366 2761 apocryph.
386 2697 421 2746 N.
443 2700 472 2746 T.
492 2699 526 2747 Τ.
542 2699 558 2745 1
574 2714 602 2759 ρ.
620 2697 680 2748 341.
699 2714 739 2759 sq.
769 2698 923 2748 Kleuier.
942 2699 1002 2748 iiber
1027 2700 1069 2748 die
1090 2705 1163 2767 Apo·

42 2781 153 2847 cryphett
177 2779 221 2829 det
237 2781 273 2829 N.
294 2783 325 2830 Τ.
351 2796 379 2842 p.
398 2780 441 2832 82·
459 2796 515 2842 tqq.
543 2782 578 2832 oi.
598 2783 627 2832 N
633 2782 715 2830 ieme
722 2799 788 2849 μιν.
810 2783 1007 2834 Cheraiteristilt
1029 2784 1075 2832 der
1091 2787 1168 2836 nibet

43 2867 77 2914 T.
101 2868 125 2915 1.
151 2881 179 2926 p.
206 2864 256 2912 103
272 2877 328 2924 sqq.
354 2850 420 2922 H]
455 2867 538 2914 Porro
560 2871 726 2928 evangelium
742 2870 875 2916 Matthaei
892 2869 1025 2918 Hebraico
1042 2885 1164 2921 sermone

41 2951 183 3010 scriptum,
209 2947 239 2995 in
256 2948 419 2997 Caesariensi
436 2949 596 3001 bibliotheca
613 2966 628 2998 a
645 2952 784 3012 Pamphilo
810 2963 926 3014 martyre
945 2957 1053 3001 collecta
1076 2970 1164 3003 serva·

41 3045 98 3084 tum
122 3033 203 3082 inisse
230 3035 315 3080 adhuc
331 3048 377 3101 rua
395 3043 499 3094 aetate,
522 3045 631 3084 testatur
646 3035 828 3100 Hieronymus
845 3035 875 3084 in
892 3036 1026 3098 catalogo.
1060 3037 1165 3090 Vereor

41 3129 147 3174 tamen,
172 3113 210 3165 ne'
228 3117 256 3164 id
273 3119 360 3177 potius
376 3117 456 3167 inerit
473 3120 638 3180 evangelium
655 3123 797 3168 secundnm
813 3122 964 3178 Hebraeos,
985 3137 1037 3182 quo
1054 3129 1164 3174 uteban-

41 3214 84 3252 tur
100 3201 238 3251 Nazaraei.
255 3202 333 3250 'Hoc
351 3204 422 3250 cuim
439 3205 626 3253 Hebraeorum
643 3205 825 3266 evangelium,
843 3207 948 3265 quidam
965 3206 1098 3258 Matthaei
1116 3187 1163 3259 au·

41 3287 185 3336 manticam
207 3299 263 3336 esse
290 3286 489 3348 existimarunt,
512 3288 575 3336 licet
592 3289 674 3348 laiso,
697 3300 727 3337 ut
743 3290 834 3338 scribit
849 3290 920 3338 idem
937 3293 1118 3356 Hieronymus
1133 3295 1164 3344 in

43 3371 240 3444 Commentariis
261 3371 290 3418 in
311 3371 486 3422 Matthaeunt.
524 3373 587 3430 [Ab
605 3373 736 3434 Eusebio,
762 3375 807 3434 qui
829 3373 991 3436 Pantaenum
1008 3393 1053 3425 sua
1071 3389 1164 3440 sponte

42 3457 208 3517 adpopulos
231 3445 381 3504 orientales
408 3457 554 3516 proiectum
571 3471 628 3506 esse
646 3468 673 3506 et
689 3459 718 3506 in
736 3461 786 3507 hoc
802 3457 899 3506 itinere
915 3463 946 3505 ad
966 3463 1042 3509 ludos
1060 3477 1163 3524 qnoque

41 3539 194 3602 pervenisse
211 3539 454 3602 scribit,dissentire
471 3541 555 3590 rideri
573 3542 655 3602 possit
671 3543 851 3606 Hieronymus
869 3543 959 3602 quiin
977 3543 1059 3592 catal.
1072 3547 1162 3608 script.

40 3629 133 3676 eccles.
160 3639 217 3683 cap.
240 3626 284 3673 36.
303 3624 387 3684 Epist.
410 3623 453 3674 83.
477 3626 604 3674 Indorum
620 3628 706 3688 potius
723 3641 739 3675 t
757 3627 889 3675 Demetrio
907 3627 1089 3679 Alexandriae
1107 3631 1165 3691 epi.

40 3724 138 3775 scopo,
166 3708 302 3769 religionis
326 3708 488 3757 Christianae
514 3713 649 3761 doctorem
674 3711 820 3772 petentium
837 3710 953 3772 impulsu
970 3713 1132 3762 Pantaeuum
1149 3731 1166 3764 a

41 3793 177 3842 Demetrio
199 3793 263 3840 illuc
288 3792 395 3840 missum
412 3807 468 3840 esse
486 3794 577 3843 reiert.
611 3797 692 3843 Facili
709 3806 798 3844 eutem
813 3795 916 3844 ratione
940 3807 1076 3858 utrumque
1093 3799 1165 3849 inter

41 3893 69 3928 se
102 3857 251 3927 conciliavit
272 3876 396 3940 Mortem.
422 3875 578 3927 Commentt.
596 3895 624 3938 p.
643 3879 703 3928 206.
743 3879 776 3928 ci.
800 3895 826 3939 p.
853 3881 913 3930 207.
952 3883 1017 3930 Crcve
1041 3883 1101 3934 hist.
1127 3885 1160 3936 ⁹1⁸.

41 3964 78 4012 11.
101 3977 129 4022 p.
152 3963 195 4010 ³7.
221 3963 265 4010 Du
289 3959 349 4012 Pin.
375 3961 405 4009 in
428 3962 571 4011 Pantaen'o.
606 3963 747 4011 Praeterea
765 3967 909 4013 notandum
927 3976 979 4023 est,
998 3981 1032 4015 ex
1051 3969 1162 4018 eliorum

42 4057 146 4106 patrum
163 4047 302 4104 tentantia,
320 4057 349 4094 ut
366 4045 510 4103 Ambrosii,
527 4045 696 4111 Hieronymi,
717 4048 837 4108 Gregorii
854 4050 937 4107 Nan,
956 4064 1008 4099 non
1026 4061 1078 4099 tam
1095 4055 1162 4100 Bar·

41 4131 218 4180 tholomaeum
241 4141 267 4179 et
292 4137 352 4192 post
376 4131 446 4178 hunc
470 4131 646 4190 Postumum,
674 4133 721 4179 sed
746 4133 833 4192 potius
856 4135 986 4182 'rhomam
1003 4136 1160 4198 religionem

43 4213 211 4264 Christianam
235 4215 264 4264 in
284 4214 362 4278 ludia
381 4215 508 4266 docuisse.
526 4216 580 4264 vid.
598 4216 759 4280 Augusti
785 4217 1040 4286 Deniwiirdegleiten
1057 4237 1104 4268 ααο
1115 4221 1160 4271 der

2 4345 4 4354 ,
41 4298 195 4350 chrictiicbett
216 4298 403 4367 ᾼννᾷοοοῖορίο
428 4301 505 4370 Tem.
530 4301 580 4350 111.
604 4317 630 4365 ρ.
650 4300 718 4381 Ι2214.
744 4283 796 4352 2'34
811 4316 867 4364 sqq.
887 4303 921 4353 ci.
940 4303 1038 4353 Euteb.
1061 4305 1166 4369 111,1,'

318 4487 323 4512 l
