2792 4930
131 279 133 284 ·
180 233 244 306 104
511 231 698 305 EUSEBII
736 231 968 304 retentu

111 494 115 501 Ι
181 403 332 492 δόγματος
353 404 520 494 συγκλήτου
541 409 718 486 τελειοῦται,
735 403 779 490 μή
802 405 830 471 δ’
848 406 945 484 ἄλλως
960 403 1112 487 ἀφεῖσθαι
1136 401 1214 479 τούς
1235 404 1308 486 ἅπαξ

181 512 226 584 εἰς
248 510 447 596 δικαστήριον
467 508 639 597 παριόντας
660 514 713 576 καί
731 511 878 593 μηδαμῶς
894 511 949 587 τῆς
962 510 1308 593 ττροθίσεωςμετοβαλ-

182 612 342 696 λσμίνους,
371 613 502 699 ἀρχαίου
532 613 607 698 παρ’
638 612 742 688 ου’τοῖς
773 611 868 695 νόμου
889 619 929 696 ¹¹)
951 613 1187 696 κεκρατηκότος.
1238 607 1310 676 Τού-

180 735 238 784 ’τσυ
263 719 321 799 μὲν
349 714 403 784 οὖν
433 716 488 792 τοὶς
516 721 568 783 int
597 719 654 782 ’τοῦ
681 717 828 782 δικαστοῦ
856 715 960 798 poiseo
981 713 1110 796 κοίτας
1131 715 1310 800 ἀποκρίσεις

137 881 146 891 .
183 818 221 895 ἃς
248 819 328 907 πρός
356 822 466 890 πεῦσιν
487 825 654 902 πεποίηται
677 821 734 886 τοῦ
754 822 941 904 Περεννίον,
973 821 1077 884 πᾶσαν
1098 845 1130 884 τε
1155 819 1218 896 τήν
1240 817 1311 901 πρὸς

183 924 241 1002 τήν
269 921 437 1008 σύγκλητον
467 923 636 1009 αἰτιολογίαν
668 925 729 1008 ὅτῳ
761 925 1063 1008 διαγνῶκαϋφίλοκ,
1100 923 1135 988 ἐκ
1168 925 1227 999 τῆς
1255 925 1311 988 τῶν

182 1024 323 1114 σ’ρχαίων
340 1031 520 1116 μαρτυρίων
541 1035 588 1114 ¹²)
611 1031 822 1112 συναχθείσης
843 1025 914 1108 ἡμῖν
933 1023 1114 1110 ἀναγραφῆς
1135 1028 1265 1093 εἴσεται.

181 1299 232 1350 fini
252 1302 473 1365 interpretatione
495 1306 602 1367 insistit,¹
625 1320 703 1367 qoem
726 1315 830 1356 seentns
856 1319 961 1366 qnoque
987 1314 1027 1354 est
1050 1301 1311 1364 christophorsonus.

182 1388 261 1444 [Hoc
283 1392 358 1440 nnllo
376 1394 455 1440 modo
472 1392 588 1450 potuisse
605 1391 680 1450 fleri,
704 1405 763 1440 enm
780 1391 869 1439 multis
887 1390 963 1448 enoris
980 1390 1163 1452 Hieronymus
1181 1387 1314 1448 scripserit

181 1475 328 1536 cotelopun
343 1489 429 1535 sunm,
447 1485 586 1536 antequem
603 1476 714 1524 Retinet
731 1487 845 1524 verteret
863 1476 1023 1536 Eusebium,
1041 1475 1143 1523 monuit
1161 1472 1236 1536 eegr·
1252 1473 1311 1522 crit.

181 1557 256 1604 ¹21.
274 1573 301 1618 p.
322 1557 381 1606 180.
409 1562 442 1606 ed
461 1574 484 1608 e.
504 1561 534 1610 C.
554 1560 613 1610 187.
640 1561 736 1613 citente
759 1560 897 1624 Readr'ngo
922 1564 954 1609 ed
980 1563 1008 1609 ln.
1027 1563 1047 1608 1.
1068 1561 1102 1607 oi.
1120 1558 1273 1608 Holioixr'rss
1287 1557 1314 1604 in

179 1641 359 1691 notationibus
376 1645 409 1690 ed
426 1643 506 1692 ritem
523 1645 690 1706 Apottineris
708 1659 731 1696 σ.
750 1647 776 1696 ³.
795 1654 822 1693 et
839 1649 959 1694 Ρεατσοττ.
977 1645 1050 1693 rint.
1068 1647 1127 1706 Ign.
1145 1644 1180 1694 Ρ.
1197 1645 1221 1693 1.
1232 1659 1259 1702 p.
1271 1640 1311 1693 88.

181 1739 249 1786 quos
272 1727 364 1775 landet
389 1717 466 1792 Pagi,
493 1729 537 1789 qui
563 1733 583 1780 1.
610 1733 632 1782 1.
651 1742 754 1790 quoqne
773 1730 887 1780 ostendit
903 1729 1076 1788 Apollonium
1093 1728 1256 1792 martyrium
1273 1727 1313 1774 ie·

181 1801 253 1857 nisse
267 1820 326 1860 ente
344 1825 370 1863 e.
390 1812 419 1860 G.
439 1811 497 1862 186.
533 1816 582 1870 Η.]
617 1814 719 1863 Verum
736 1814 864 1862 Eusebius
882 1813 1057 1873 Apollonium
1074 1828 1163 1863 eorem
1182 1811 1313 1862 iudicibus

180 1908 231 1955 pro
248 1893 311 1948 fidei
328 1911 390 1946 sune
409 1898 565 1948 defensione
584 1899 756 1950 disertissime
781 1912 920 1960 perorasse
938 1890 1039 1946 tentem
1057 1898 1134 1956 dixit,
1152 1912 1210 1947 non
1228 1907 1312 1944 entem

180 1980 375 2042 apologeticum
401 1985 432 2030 eb
459 1997 491 2032 eo
516 1998 573 2032 esse
591 1987 792 2048 conscriptum.¹
812 1985 891 2031 Hunc
909 1969 1001 2030 Rufini
1017 1991 1043 2030 et
1060 1982 1225 2044 Hieronymi
1244 1993 1312 2028 erro·

179 2075 239 2112 rem
255 2063 411 2126 iampridem
429 2067 530 2134 noterit
539 2069 656 2132 Scaliger
672 2070 701 2118 in
719 2068 990 2132 enimedversionilinr
1008 2067 1167 2116 Eusebienis·
1182 2081 1245 2127 ρας.
1255 2061 1311 2112 208.

180 2146 229 2196 cni
257 2147 286 2196 in
309 2153 358 2198 hee
376 2151 482 2212 quidem
499 2164 573 2213 perte
591 2153 708 2202 libenter
726 2157 831 2204 recedo.
868 2153 900 2202 ln
918 2167 950 2202 eo
968 2167 1031 2202 vero
1049 2156 1120 2212 quot
1138 2150 1250 2200 Eusebii
1266 2161 1311 2196 no·

180 2231 227 2280 stri
245 2237 327 2282 verbe
345 2235 531 2297 interpolavit,
548 2241 648 2301 longe,
666 2253 727 2288 meo
745 2241 854 2299 quidem
870 2237 968 2286 indicio
974 2269 983 2294 ,
1000 2239 1113 2286 felliter.
1151 2237 1221 2284 cnm
1248 2233 1313 2284 enim

180 2314 211 2365 in
227 2317 338 2368 Ensehii
354 2321 431 2369 libris
448 2326 570 2384 legetur:
596 2320 681 2374 πολλὰ
707 2320 822 2388 λιπαρῶς
845 2317 1023 2376 ἱκετεύσαντος
1040 2321 1089 2370 τοῦ
1108 2318 1255 2378 δικαστοῦ,
1273 2314 1313 2364 καὶ

180 2397 259 2465 λόγον
286 2400 366 2452 αὑτὸν
389 2405 430 2456 itti
454 2407 502 2469 τῆς
526 2405 670 2472 συγκλήτου
694 2405 793 2474 βουλῆς
809 2404 973 2469 αἰτήσαντος,
992 2409 1108 2470 ὃσαλλςστ
1126 2407 1247 2459 correxit
1265 2403 1313 2450 ίκε-

181 2485 276 2545 νεύσας
298 2489 345 2539 τοῦ
374 2489 499 2540 δικαστοῦ
526 2493 569 2540 καὶ
592 2491 672 2566 λόγον
698 2490 767 2558 αὐτῷ
792 2493 832 2542 ἰπὶ
857 2493 904 2556 τῆς
928 2491 1071 2558 συγκλήτου
1089 2491 1187 2556 βουλῆς
1206 2488 1313 2552 uitione

166 2571 286 2625 Ιτλοῖτναι.
322 2577 412 2637 Atque
430 2579 466 2628 ite
483 2567 688 2640 interpretatum
724 2583 779 2630 Deo
802 2589 887 2631 eutem
904 2578 1090 2643 acceptissime
1105 2587 1223 2644 martyr,
1247 2581 1314 2640 post·

180 2675 260 2728 quaet
284 2661 372 2710 nrultt'e
390 2663 506 2726 precibus
533 2680 550 2711 a
568 2664 650 2712 iudice
666 2665 845 2724 contendisset,
863 2673 893 2712 ut
909 2665 937 2712 τ’ττ
954 2672 1044 2714 senatu
1068 2664 1197 2712 rationem·
1212 2659 1314 2711 reddere

179 2743 232 2794 sset
260 2744 363 2808 liceret,
401 2758 451 2798 eto.
503 2749 607 2798 Verum
640 2751 701 2800 heio
737 2750 914 2800 emendationi
949 2763 1040 2798 ornnes
1074 2748 1165 2808 scripti
1201 2747 1313 2802 codices,

162 2838 212 2878 ,et
244 2830 313 2880 retio
347 2831 406 2894 ipse
439 2835 597 2896 refragetur.
642 2836 823 2899 Hieronymus
858 2848 963 2894 quoque
997 2834 1035 2880 ite
1068 2833 1135 2894 legit
1168 2841 1199 2882 nt
1234 2828 1312 2882 hodie

183 2912 284 2966 editum
302 2925 359 2974 eet,
393 2918 473 2966 vertit
490 2919 579 2968 enim:
615 2924 744 2985 lmperato
766 2928 795 2967 ut
821 2917 946 2968 rationem
964 2916 1033 2979 fidei
1056 2933 1118 2964 essue
1134 2916 1262 2964 redderet.
1280 2936 1314 2952 -··

184 3000 229 3056 11)
249 2995 300 3054 ‘tte
318 2997 369 3048 ἀπὸ
389 2998 533 3067 δόγματος.
575 3003 672 3054 Omnes
697 3005 856 3065 interpretes
883 3013 909 3052 et
926 3003 983 3062 ipse
1002 3002 1120 3063 Scaliger
1137 3005 1208 3050 irnnc
1226 3005 1313 3050 locunt

182 3082 221 3132 lte
238 3094 394 3144 verterunt,
412 3087 487 3148 qnesi
505 3088 589 3149 prime
607 3089 735 3148 perticuie
754 3091 837 3142 otiose
859 3089 902 3138 sit.
940 3089 1017 3154 Quod
1043 3096 1132 3136 temen
1150 3100 1245 3134 verum
1261 3095 1313 3132 non

182 3176 258 3228 puto.
293 3170 411 3218 Primum
430 3173 490 3232 quie
508 3183 642 3222 senatores
668 3174 769 3222 indices
787 3186 841 3221 non
860 3182 950 3231 erent,
968 3185 1018 3218 nec
1035 3170 1243 3221 iurisdictionem
1269 3170 1313 3216 lst-

182 3252 290 3302 hebent.
327 3255 430 3304 Deinde
456 3259 583 3308 Perennis
606 3257 650 3318 qui
676 3257 761 3306 index
784 3266 842 3306 eret
867 3256 895 3304 in
919 3269 950 3304 ee
970 3269 1061 3312 oense,
1087 3256 1263 3316 Apollonium
1280 3250 1311 3300 eti

183 3345 303 3407 teretem
328 3341 484 3404 remiserat,
517 3357 570 3390 non
592 3353 623 3390 nt
648 3353 754 3393 tenetes
778 3345 810 3388 de
828 3355 860 3389 eo
877 3340 1025 3398 indiceret,
1043 3342 1091 3388 sed
1109 3337 1312 3401 prepollentes

184 3433 274 3470 eorem
298 3437 330 3473 eo
357 3427 488 3476 rationem
514 3429 599 3476 cultus
622 3425 662 3474 sui
679 3429 811 3475 redderet.
845 3427 928 3476 Hune
945 3424 1045 3472 scilicet
1062 3427 1188 3473 honorem
1211 3417 1311 3472 senatui

184 3506 361 3558 deferendum
384 3511 503 3572 peterit,
527 3522 556 3560 nt
578 3510 711 3561 hominem
735 3510 860 3560 senetorii
882 3508 981 3559 ordinis
1006 3523 1060 3556 non
1078 3510 1151 3568 prius
1168 3513 1313 3562 «temneret,

184 3605 264 3652 quem
272 3605 380 3642 senatus
389 3595 485 3656 ipsede
495 3596 666 3648 einscrimine
677 3595 850 3657 cognovisset.
869 3595 981 3643 Senatus
987 3593 1067 3656 igitur
1074 3591 1313 3654 enmApoiloninm

183 3675 319 3748 rediisset,
330 3679 464 3729 hominem
473 3681 549 3732 inxte
563 3685 653 3743 legum
667 3680 827 3742 preesoripte
836 3679 1005 3730 indicendum
1013 3693 1069 3726 esse
1078 3679 1224 3738 respondit.
1236 3679 1313 3726 Post·

91 3795 94 3806 ,
182 3761 249 3808 iieec
258 3761 421 3821 Apollonius
431 3766 517 3826 capite
524 3770 618 3828 plexus
628 3776 675 3823 est,
685 3765 782 3815 indicio
796 3765 901 3826 quidem
918 3763 1045 3812 Perennis
1061 3763 1208 3824 ipsomet
1225 3772 1312 3814 tenen

184 3859 222 3892 ex
237 3855 344 3896 tenetes
361 3851 501 3912 sententie,
520 3866 551 3900 eo
570 3854 640 3911 quod
658 3861 764 3900 senetur
782 3865 858 3898 reum
876 3849 1011 3905 redieret,
1030 3856 1057 3896 et
1072 3847 1102 3898 in
1120 3847 1312 3900 damnationem

183 3928 240 3978 elus
259 3943 438 3984 consenserat.
461 3961 497 3971 -
532 3935 574 3992 12)
590 3929 709 4000 Ἀρχαίου
735 3951 788 4000 παρ
811 3929 900 3988 αὐτοῖς
924 3922 1017 3996 νήματι.
1053 3934 1111 3980 Lex
1129 3947 1176 3992 pro
1195 3945 1267 3980 more
1284 3933 1311 3974 et

204 4015 373 4065 'nsuetudine
398 4017 441 4064 hie
466 4018 534 4066 sumi
555 4020 671 4070 ridetur.
708 4023 874 4090 Qriemqoern
890 4019 1048 4078 interpretes
1072 4020 1105 4066 de
1129 4020 1200 4082 iege¹
1215 4015 1309 4081 scripte

213 4111 248 4146 tec
270 4100 403 4161 accepisse
431 4100 522 4155 video.
567 4106 666 4166 Legem
681 4105 763 4166 igitur
780 4120 826 4154 eeu
842 4105 999 4164 rescriptum
1017 4101 1178 4152 Treienied
1196 4098 1309 4166 §liniunt

214 4186 325 4236 nundum
342 4184 486 4248 intelligo,
512 4188 543 4235 in
565 4203 616 4248 quo
642 4173 750 4256 cevetnr
768 4190 929 4240 Christienos
947 4187 1054 4248 quidem
1070 4185 1309 4254 inquireneoenoit

206 4280 255 4328 se,
275 4271 377 4320 obletos
394 4285 459 4322 tero
477 4271 567 4333 puniri
585 4283 715 4336 oportere.
735 4301 768 4316 ι-
803 4278 848 4333 13)
869 4271 927 4342 Τῶν
944 4267 1061 4342 ἀρχαίαν
1082 4266 1225 4339 μαρτύρων
1249 4279 1309 4318 συσ-
