2738 4926
284 230 751 336 msroumnucetus
781 235 871 310 um.
886 238 1026 351 v,r.·
1121 243 1165 315 rt
1229 243 1235 248 ·

377 611 724 724 undulatos
758 659 803 731 Δ.

135 797 221 861 Unus
238 795 413 872 ulyssiponem
440 801 488 852 τὸν
505 803 649 871 Εἰρηναῑον
667 799 699 853 δι’
721 803 857 870 ἱπιστολῆς
873 803 1060 875 παρετίθεντο.

366 911 388 970 Ι
416 909 789 1006 thic.11.tt.1t†,13-715.)
838 999 840 1004 Ι
868 993 873 1000 ⁸

43 1081 93 1169 Ol
124 1104 153 1172 δ’
180 1107 268 1174 αὐτοὶ
298 1106 452 1196 μάρτυρες
478 1115 505 1194 ἔ)
533 1111 586 1190 aei
614 1106 668 1176 τὸν
696 1110 869 1195 Εἰρηναῖον
893 1115 924 1196 2)
946 1091 1162 1199 'uptofltistpor

38 1208 103 1274 τότ’
127 1210 202 1275 ὅντα
234 1213 288 1290 τῆς
321 1215 353 1276 ἐν
384 1213 570 1304 Aooytioa'utp
593 1218 773 1297 παροικίας,
798 1215 852 1305 ῗτῷ
884 1219 1055 1293 dnimds'rtt
1083 1219 1162 1289 aursi

72 1483 147 1552 Cap.
168 1485 216 1538 tv.
253 1489 280 1544 1)
302 1481 336 1535 Οἱ
353 1482 378 1535 d'
397 1483 473 1535 aimei
489 1477 639 1554 pc'tpauprt.¹
664 1489 820 1538 Blondellns
837 1488 867 1539 in
884 1490 1016 1554 fapoiogia
1032 1508 1083 1554 pro
1100 1509 1162 1546 sens

38 1570 124 1618 tentia
147 1555 309 1635 Hieronymi
332 1587 387 1634 cap.
402 1565 437 1623 8.
467 1589 527 1636 pag.
551 1575 593 1624 26.
612 1583 691 1635 negat
707 1584 836 1638 martyres
854 1576 1040 1638 Lugdunenses
1057 1581 1161 1632 dedisse

36 1653 131 1702 literas
149 1657 182 1702 ad
201 1657 374 1706 Eleutherum
390 1673 492 1718 papam.
530 1660 597 1708 Nam
614 1660 770 1721 martyrium
788 1659 893 1709 Pothini
911 1675 941 1708 ac
950 1663 1162 1724 Lugdunensium
1225 1708 1228 1721 ,

39 1729 185 1801 contigisse
204 1739 315 1789 affirmat
341 1757 408 1792 anuo
431 1745 457 1794 7.
481 1743 545 1805 imp.
568 1745 666 1801 Marci,
686 1743 782 1792 Christi
800 1747 859 1794 tot.
879 1757 929 1804 que
947 1755 1066 1807 tempore
1082 1751 1160 1801 Soter

37 1821 116 1874 Rom.
143 1825 284 1873 ecclesium
300 1828 517 1878 administrabas·
542 1830 679 1892 Martyres
697 1829 778 1890 igitur
794 1829 980 1890 Lugdunenses
998 1847 1051 1881 non
1067 1845 1160 1894 potue-

37 1917 101 1956 ruut
128 1911 161 1955 ad
188 1909 360 1966 Eleutherum
385 1914 509 1980 scribere,
538 1899 583 1974 spui
600 1917 717 1963 nondum
736 1913 827 1962 Soteri
838 1926 1007 1966 successerat.
1043 1919 1159 1970 Proinde

37 1992 195 2042 Bloudellus
217 1997 284 2042 hanc
306 1995 442 2055 epistolam
468 2013 483 2046 a
507 2001 578 2048 clero
601 1999 783 2060 Lugdunensis
816 2000 942 2048 eeclesiae
959 1987 1082 2062 scriptam
1099 2019 1158 2055 esse

37 2078 183 2126 contendit.
220 2080 271 2126 Sed
290 2081 419 2128 Bloutlelli
437 2083 579 2132 vanitatem
596 2084 695 2132 refellit
712 2083 850 2132 Eusebius.
887 2085 957 2153 Quid
981 2087 1050 2136 eninr
1079 2104 1160 2150 aper·
1187 2093 1201 2099 '

36 2161 87 2209 tius
105 2163 147 2210 his
165 2163 267 2212 uerbis:
287 2159 353 2210 οἶδ’
380 2161 455 2212 αὐτοὶ
472 2163 603 2232 μάρτυρες
626 2166 669 2214 καὶ
684 2163 732 2232 ‘rba
750 2167 896 2233 Εἰρηιιαῖον
913 2167 1088 2237 πρεσβύτιροι
1104 2169 1158 2222 τότ’

38 2243 101 2293 ὄντα
124 2249 172 2308 τῆς
196 2250 221 2295 ἐν
244 2246 404 2313 onydor'cp
428 2252 564 2314 παροικίας
582 2252 618 2316 τῷ
647 2251 795 2315 δηλωθέντι
821 2249 886 2300 κατὰ
905 2249 1016 2320 Ῥώμην
1031 2256 1157 2324 interium
1229 2253 1234 2260 ”

38 2331 184 2380 ottalanus?
219 2335 275 2381 lam
298 2348 359 2397 ergo
377 2336 429 2384 ruit
446 2347 500 2387 tota
521 2339 659 2386 Biondelli
680 2339 881 2400 argumentatio.
918 2340 983 2406 Cum
1002 2343 1072 2390 enim
1089 2361 1158 2394 mar·

40 2429 112 2481 tyres
132 2419 319 2480 Lugdunenses
342 2421 450 2468 adhuc
441 2435 469 2468 ru
488 2436 592 2470 carcere
609 2423 687 2483 positi
705 2423 857 2483 scripserint
874 2427 906 2472 ad
925 2425 1096 2477 Eleutherum
1113 2445 1161 2490 pa·

36 2517 102 2563 pam,
124 2485 174 2563 qui
188 2512 254 2550 teste
273 2503 413 2553 Blendello
431 2505 634 2564 pontificatum
626 2507 685 2555 trtiit
702 2523 771 2556 auno
790 2508 884 2556 Christi
904 2509 973 2571 tto„
993 2512 1088 2560 fabum
1106 2524 1154 2576 est,

38 2590 105 2648 quod
125 2588 163 2635 ait
186 2589 357 2647 Blondellus,
380 2583 447 2638 illos
464 2605 531 2639 anno
549 2590 644 2639 Christi
664 2593 722 2640 167.
751 2607 848 2652 pessos
862 2607 918 2641 esse
937 2597 1102 2658 martyrium.
1119 2625 1155 2636 -

37 2673 63 2736 2)
83 2669 230 2738 Μάυτυρες
246 2671 289 2719 καὶ
305 2650 516 2744 atirElppvuior.
552 2675 682 2724 Baronius
700 2677 806 2735 quidem
823 2679 855 2723 ad
874 2691 969 2726 annum
982 2680 1077 2728 Christi
1096 2684 1155 2733 179.
1236 2677 1238 2685 ’

38 2773 92 2820 cap.
120 2761 164 2807 53.
185 2759 221 2805 ait
242 2759 382 2807 irenaeum
398 2775 413 2808 a
430 2761 589 2822 martyribus
608 2761 717 2808 Romam
735 2761 840 2809 missurn
858 2775 914 2822 esse
933 2765 965 2809 ad
983 2765 1155 2816 Eleutherum

36 2858 142 2904 papam.
179 2845 301 2903 idemque
322 2833 412 2893 scribit
428 2845 607 2907 Hieronymus
625 2846 653 2892 in
670 2848 797 2906 catalogo.
833 2845 935 2894 Verum
958 2861 1006 2908 ego
1031 2863 1084 2897 uon
1109 2854 1157 2900 du·

37 2929 105 2988 bito,
135 2927 199 2987 quin
221 2928 344 2976 irenaeus
368 2930 476 2977 Romam
500 2930 614 2976 directus
639 2928 721 2978 iuerit
739 2933 770 2976 ab
789 2930 858 2978 omni
884 2933 954 2979 clero
977 2932 1157 2994 Lugdunensis

13 2997 14 3000 Ἴ
39 3013 172 3061 ecclesiae.
208 3011 420 3062 Proficiscentem
443 3027 507 3062 tero
533 3021 661 3076 martyres
679 3016 892 3062 commendarunt
908 3015 1062 3066 Eleuthero.
1096 3018 1157 3066 Ad·

38 3098 176 3157 stipulatur
192 3096 268 3144 nobis
285 3097 363 3145 etiam
379 3098 582 3156 Peuardentius‚
614 3097 704 3170 quiin
723 3097 778 3144 rita
796 3089 823 3146 b.
844 3100 950 3148 irenaei
968 3087 1045 3159 quam
1063 3103 1152 3162 operi.

39 3184 82 3229 bus
99 3183 157 3231 eius
175 3181 312 3242 praefixit,
330 3183 467 3231 irenaeum
485 3198 500 3231 a
517 3183 629 3230 Pothino
648 3190 673 3229 et
690 3180 798 3240 reliquis
815 3184 973 3246 martyribus
996 3186 1154 3246 Lugdunen-

39 3265 255 3333 sibus'adhuc‘in
273 3281 378 3315 carcere
393 3268 553 3326 constitutis,
581 3270 613 3314 ad
638 3267 812 3314 Eleutherum
837 3281 932 3326 papam
958 3278 985 3316 et
1009 3268 1038 3316 in
1061 3271 1154 3320 Asiam

38 3351 143 3398 missum
166 3363 223 3398 esse
245 3351 344 3400 scribit.
380 3351 457 3400 Certe
480 3355 526 3399 has
543 3362 689 3413 martyrum
706 3351 828 3410 epistolas
846 3354 878 3398 de
897 3351 990 3411 quibus
1008 3353 1050 3402 hic
1066 3356 1152 3416 loqui·

39 3443 77 3482 tur
94 3435 238 3494 Eusebius,
256 3435 361 3492 vivente
378 3438 461 3484 adhuc
477 3435 588 3484 Pothino
605 3435 715 3495 scriptas
733 3435 814 3482 luisse
831 3449 879 3495 pro
897 3427 1079 3488 certo'habeo.
1095 3421 1153 3489 'Ne-

39 3533 85 3578 que
103 3519 175 3568 enim
193 3519 318 3568 credibile
335 3529 388 3578 est,
411 3530 470 3579 post
486 3529 598 3569 mortem
615 3519 721 3568 Pothini
739 3519 871 3580 episcopi,
901 3521 1025 3568 destituta
1042 3537 1089 3572 suo
1106 3539 1155 3584 pa·

37 3612 104 3652 sture
130 3603 351 3664 Lugdunensium¹
366 3605 489 3662 ecclesia,
512 3604 675 3653 confessores
700 3603 762 3652 illos
785 3613 812 3652 et
836 3615 965 3668 martyres
982 3593 1079 3655 Christi
1094 3609 1153 3658 Ire·

39 3701 132 3735 naeum
157 3690 341 3749 presbyterum
365 3695 418 3734 tam
439 3683 531 3748 p'rocul
557 3691 726 3742 emendasse,
744 3687 825 3746 idque
842 3688 870 3736 in
887 3690 944 3749 ipso
961 3692 1152 3750 persecutionis
1209 3739 1212 3744 ,

39 3773 138 3822 ardore.
174 3771 241 3820 Erat
261 3771 331 3818 enim
351 3773 477 3820 Irenaeus
503 3771 675 3832 praecipuum
702 3774 792 3818 lumen
816 3782 844 3819 et
867 3775 946 3820 decus
971 3774 1153 3837 Lugdunensis

39 3856 178 3915 ecclesiae,
204 3857 422 3916 quemadmodum
448 3868 483 3903 ex
505 3856 618 3916 epistola
639 3864 785 3918 martyrum
806 3855 941 3917 discimus,
968 3867 995 3906 et
1020 3875 1071 3920 quo
1096 3877 1151 3913 uno

13 3957 14 3960 ¹
39 3939 150 3989 maxime
174 3940 295 3988 universa
317 3939 370 3988 ioci
393 3922 471 3987 huius
496 3939 607 3989 ecelesia
623 3942 824 3990 sustentabatur.
860 3941 949 4012 Quare
970 3956 1025 3992 uon
1046 3958 1152 4005 possum

41 4024 156 4072 assentiri
172 4023 289 4075 Baronio
305 4037 355 4072 nec
370 4023 563 4090 Feuardeutio,
581 4037 694 4084 quorum
710 4023 753 4072 hio
770 4023 985 4084 quidemssserit
1007 4029 1147 4079 Irenaeum

41 4105 146 4156 Romam
170 4111 202 4156 ad
226 4109 399 4157 Eleutherum
415 4123 529 4170 papam,
554 4116 632 4168 atque
649 4107 712 4157 iude
727 4108 757 4157 in
772 4107 864 4158 Asiam
882 4123 913 4158 ao
929 4111 1072 4174 Phrygiam
1087 4115 1149 4164 lite·
1230 4115 1231 4122 ’

41 4205 80 4240 ras
96 4204 242 4256 martyrum
258 4191 412 4252 pertulisse,
430 4191 558 4242 Barouins
574 4187 637 4242 raro
654 4197 710 4243 sola
727 4195 761 4240 ad
777 4193 948 4244 Eleutherum
965 4193 1065 4256 'papam
1081 4200 1153 4259 lega-

43 4275 109 4326 tione
126 4277 295 4338 perfunctum
311 4289 368 4327 esse
385 4275 663 4340 coneudicvttcgatus
680 4277 786 4339 quidem
802 4277 888 4328 iuerat
903 4279 1029 4330 heuneus
1051 4293 1154 4332 s'mar·
