2792 4930
241 233 305 304 154
461 340 462 348 ¹
583 233 765 306 EUSEBII
797 233 1027 306 PAMPHILI

239 404 327 492 παρά
348 405 405 486 τήν
426 405 594 494 οἷναγκαιάν
617 407 736 496 τροφήν
757 399 911 487 πλιίσιολς
933 405 1031 474 ι”τισιν
1045 407 1274 492 ἀπεσχημένος,
1296 409 1366 472 ὥστε

238 511 299 606 ήδηΙ
331 516 376 587 εἰς
407 515 546 576 κίνδυνον
575 512 752 596 ἀνατροπῆς
779 515 831 577 καὶ
861 513 1038 598 διαφθοράς
1065 514 1123 578 τοῦ
1150 511 1303 594 θώρακος
1325 510 1366 597 ¹⁰)

242 619 434 702 περιπεσεῖν.
480 619 616 681 Τοιαῦτα
647 616 685 696 δή
716 614 885 698 principos
907 619 976 685 βίον
998 617 1063 690 ,τοῖς
1084 619 1258 699 θεωμένοις
1280 615 1369 698 παρά·

239 743 303 802 χαν
323 717 549 805 ὑποδείγματα,
570 721 696 796 εἰκόνας
718 722 769 784 ἐπὶ
790 719 844 786 τάν
866 719 974 802 ὅμοιον
993 717 1078 810 αὐτῷ
1102 721 1141 806 ¹¹)
1175 721 1269 797 ζῆλον
1290 720 1380 796 ulei-i

240 1009 268 1058 p·
285 993 346 1046 448.
365 997 408 1045 οδ.
427 996 475 1044 111.
510 996 548 1044 H.
575 1021 610 1036 -ι
644 994 688 1053 10)
719 992 773 1044 Τοῦ
799 989 935 1060 θώρακος.
970 996 1054 1044 Recte
1077 993 1191 1044 Rufinus
1211 1003 1241 1044 et
1259 992 1368 1042 Christo·

239 1083 385 1144 phorsonus
401 1079 557 1130 stomachum
572 1088 720 1130 verterunt.
755 1081 825 1130 Nam
841 1080 975 1130 subversio
992 1079 1119 1130 stomachi
1145 1079 1260 1140 proprie
1279 1078 1380 1148 dicitnr¹

240 1180 256 1214 a
273 1165 428 1215 Dioscoride
446 1175 474 1214 et
491 1167 602 1214 Galeno.
621 1191 654 1201 —
690 1163 736 1230 11)
754 1167 807 1214 Pro
824 1160 897 1229 αὐτῷ
922 1168 992 1226 qnod
1009 1173 1099 1212 utrum
1115 1165 1145 1212 in
1162 1164 1304 1214 codicibus
1320 1161 1367 1210 suis

238 1249 388 1312 invenerit,
412 1253 482 1299 male
503 1249 587 1298 tacuit
610 1249 755 1312 Valesius,
781 1251 931 1312 Stephanus
959 1241 1024 1312 legit
1041 1243 1132 1298 αὐτοῦ.
1167 1251 1268 1310 Neque
1285 1257 1369 1295 tamen

241 1337 331 1386 dubito
339 1334 516 1386 cumValesio
534 1333 684 1384 ersnotnto
701 1335 839 1396 praeferre
857 1329 926 1400 αὐτῷ
946 1345 1025 1396 atque
1042 1329 1124 1384 sicci
1141 1333 1263 1386 librariis
1282 1329 1367 1379 deberi

242 1420 392 1481 affirmare,
431 1419 477 1482 qui
504 1421 551 1467 rel
571 1417 601 1466 in
623 1427 730 1482 potrum
754 1420 859 1481 scriptis
882 1436 936 1472 non
953 1419 1039 1470 minus
1056 1435 1135 1482 saepe
1152 1433 1204 1480 pro
1223 1415 1367 1478 elegantio-

240 1507 313 1555 ribus
337 1516 365 1556 et
390 1504 501 1564 electis,
526 1502 618 1564 quibus
635 1501 680 1550 illi
696 1504 776 1553 etiam
793 1507 904 1554 subinde
922 1505 1062 1568 laetiorem
1078 1495 1257 1554 reddiderunt
1276 1499 1367 1550 oratio-

238 1605 302 1641 nem
318 1605 401 1650 suom,
421 1587 526 1637 dicendi
543 1588 682 1648 generibus
699 1589 805 1648 peiores
823 1601 849 1638 et
868 1587 1011 1638 deteriores
1032 1589 1186 1638 inierseriut
1195 1620 1205 1646 ‚
1225 1601 1309 1648 quam
1324 1587 1366 1635 ob·

239 1675 332 1725 soletis
350 1685 377 1723 et
393 1677 484 1723 recens
503 1672 588 1733 cusis,
614 1673 707 1733 quibus
725 1674 825 1724 tristior
842 1675 950 1723 illorum
966 1675 1036 1723 iacta
1054 1684 1094 1722 est
1111 1673 1210 1730 oratio,
1239 1671 1327 1733 prisca
1344 1679 1366 1717 et

240 1761 352 1824 genuina
368 1758 506 1822 surgunt.
530 1757 570 1808 cf.
589 1773 657 1818 qu..
672 1758 942 1810 manutenemus.
961 1775 989 1820 p.
1006 1760 1100 1810 vans.
1119 1757 1145 1809 s.
1182 1759 1281 1808 suem
1301 1737 1380 1804 enim*

238 1843 291 1908 ipsi
308 1855 412 1894 veteres
429 1844 458 1892 in
475 1843 712 1907 comparationibus
730 1855 880 1894 constanter
897 1845 955 1893 iere
973 1847 1133 1893 contendere
1159 1857 1220 1892 rem
1245 1844 1293 1890 nel
1309 1853 1363 1900 per·

239 1945 330 1981 nouom
341 1931 425 1990 ipsam
443 1944 502 1976 cum
519 1927 587 1976 alins
595 1927 636 1976 rei
652 1929 868 1990 proprietatibus,
878 1944 933 1978 non
952 1929 1064 1976 aliarum
1081 1943 1171 1976 rernm
1189 1926 1363 1988 proprietates

239 2031 300 2064 cum
317 2015 385 2064 aliis.
420 2015 461 2061 Ito
479 2015 549 2073 apud
566 2012 693 2074 Xenoph.
714 2015 811 2078 Cyrop.
830 2015 866 2072 V,
887 2013 928 2064 14.
948 2007 1044 2078 ὁμοίαν
1061 2017 1135 2068 ταῖς
1153 2006 1306 2064 δούλαις
1329 2003 1362 2054 εἶ-

237 2115 267 2164 χε
284 2095 332 2162 τήν
350 2097 455 2161 ἐσθῆτα
472 2111 520 2158 pro
538 2100 596 2152 ταῖς
614 2093 714 2145 δούλων
731 2100 789 2150 scil.
807 2098 912 2162 ἐσθῆσι.
930 2101 1042 2150 Homer.
1063 2099 1203 2162 Odyss.ll,
1216 2093 1279 2146 121.
1298 2089 1361 2168 crios

239 2182 311 2242 οὔτις
334 2181 416 2253 ὁμόια
442 2180 564 2248 νοήματα
587 2181 746 2250 Πινελοπιίῃ
764 2180 832 2248 Ἤδη
845 2219 853 2244 ,
886 2186 932 2234 nbi
952 2184 1077 2233 facillime
1099 2185 1218 2232 scribere
1235 2183 1362 2231 Homerus

238 2283 345 2334 poterut
367 2269 543 2330 Πινελοπείης
564 2269 621 2318 scil.
640 2267 763 2336 νοήμασι.
798 2272 865 2320 Ibid.
883 2270 933 2328 IV,
952 2269 1013 2320 279.
1047 2269 1124 2318 Iliad.
1142 2269 1240 2327 xvii.
1259 2267 1302 2316 51.
1320 2259 1360 2312 κά·

237 2375 288 2424 μαι
306 2354 382 2426 Χαρί
380 2371 481 2405 ιτισσιν
500 2351 599 2420 ὅμοιαι.
618 2357 752 2406 Plutarch.
769 2357 908 2404 Brutusc.
927 2357 986 2404 XL.
1004 2349 1087 2410 ταύτά
1106 2351 1243 2416 Πομπηίον
1264 2347 1359 2414 Μὰμο

239 2442 345 2506 πάσχειν
370 2445 389 2492 i.
408 2459 433 2493 e.
457 2436 542 2489 ταῦτα
558 2443 614 2494 τοῖς
631 2439 684 2486 τοῖν
697 2441 734 2487 Π.
754 2442 795 2489 M.
815 2439 928 2506 πάσχειν.
964 2442 1064 2489 Eodem
1081 2439 1161 2502 igitur
1178 2441 1261 2488 modo
1278 2445 1360 2485 nostro

180 2551 185 2559 “
237 2533 297 2579 Ῑοοο
321 2529 419 2576 dictum
437 2536 476 2574 est
493 2524 533 2573 hd
550 2519 596 2572 τὸν
623 2517 716 2589 οάοιον
734 2521 822 2589 αὐτῷ
842 2523 918 2588 ζήλον
936 2539 983 2585 pro
1001 2522 1048 2571 τὸν
1066 2519 1090 2574 ὁ.
1108 2519 1189 2570 αὐτοῦ
1209 2517 1301 2578 νοίί.ζ
1288 2517 1342 2582 η
1325 2535 1357 2568 ω
1379 2505 1380 2576 i

237 2613 350 2664 Accedit
368 2615 435 2672 quod
454 2611 557 2670 saepius
574 2610 611 2658 ite
628 2611 746 2671 loquitur
762 2611 901 2661 Eusebius.
935 2612 974 2657 ltn
991 2610 1100 2658 inirac.
1120 2611 1162 2658 19.
1180 2603 1231 2670 τήν
1249 2604 1380 2662 incurius

239 2697 359 2761 inrisos
377 2693 425 2744 τοῦ
444 2695 504 2761 βίου
522 2693 627 2760 πορείαν
645 2691 784 2758 ἐποιήσατο
812 2699 861 2756 ΙΠ,
879 2695 913 2744 28
937 2696 1051 2755 p.·256.
1076 2689 1124 2756 τήν
1140 2689 1224 2756 αὐτήν
1242 2688 1312 2755 αὐτῷ
1328 2718 1357 2729 -

240 2785 332 2848 στέγην
357 2779 494 2832 ὑποδῦναι.
522 2783 570 2842 ΙΠ,
592 2783 627 2830 39
651 2797 678 2841 p.
705 2781 765 2832 284.
799 2781 845 2842 τῆς
874 2775 1076 2845 ὁμοίαςαῦτῷ
1101 2775 1180 2836 δόξας
1207 2795 1232 2832 κ.
1252 2777 1277 2828 λ.
1303 2775 1380 2826 Vis.

239 2872 327 2920 Gonst.
345 2871 368 2930 1,
386 2870 430 2918 27.
447 2862 495 2928 τήν
513 2865 600 2916 iscus
599 2881 630 2913 αν
649 2861 781 2926 (ὁδὸν)ί
788 2884 818 2914 κε
827 2865 1069 2930 ίνοιςτραπένια.
1097 2868 1131 2915 cl.
1156 2867 1266 2914 Lucian.
1286 2861 1353 2910 diall

238 2967 328 3006 morit.
346 2955 429 3002 XVII
454 2969 482 3014 p.
499 2954 544 3001 97.
563 2955 606 3000 ed.
619 2947 809 3016 Voigtltiudsu.
827 2947 979 3000 τούναντίον
996 2955 1102 3004 νοῐς-
1122 2948 1291 3014 δεδημμινοις
1314 2943 1354 2994 πὲ-
1379 2985 1380 2998 .

239 3039 445 3094 ποιθαςΧοα.
465 3035 664 3099 cyr.v111‚8‚
684 3040 725 3086 13.
762 3039 802 3086 De
826 3039 858 3087 Ν.
884 3039 917 3085 Τ.
936 3037 1000 3085 locis
1018 3025 1071 3087 viil.
1103 3036 1237 3086 Winter.
1256 3037 1353 3082 saeutest.
1379 3067 1380 3080 .

243 3121 404 3175 Grammatik
430 3139 457 3183 p.
475 3120 519 3170 98.
537 3119 563 3170 4.
587 3122 729 3171 Praetereo
747 3125 780 3170 de
798 3125 848 3186 hoc
865 3123 992 3180 loqtrendi
1009 3136 1106 3182 genere
1124 3115 1352 3181 potissimumue.

237 3208 396 3265 Selaiifer.
417 3195 514 3253 'meleth
539 3204 608 3254 critt.
635 3222 661 3266 p.
680 3207 723 3256 57.
742 3223 781 3266 sq.
800 3223 827 3267 p.
848 3206 907 3257 134.
928 3209 961 3255 ad
979 3207 1090 3269 Dionys.
1110 3209 1143 3254 de
1164 3219 1280 3267 compos.
1298 3215 1352 3250 ver·
1379 3229 1380 3234 =

150 3347 153 3363 λ
237 3297 296 3344 bor.
322 3308 350 3353 p.
375 3291 434 3339 170.
459 3293 491 3337 nd
509 3289 600 3339 Lamb.
624 3291 657 3340 B.
678 3287 831 3351 de'ellipss.
850 3294 912 3352 p.3
936 3301 962 3340 ot
980 3295 1013 3338 od
1031 3291 1110 3338 Plinii
1128 3290 1204 3350 epist.
1225 3307 1253 3358 p.
1271 3288 1311 3336 49.
1329 3298 1351 3332 n.

237 3380 272 3428 cl.
290 3357 398 3427 Gronov.
418 3375 545 3424 Observv.
563 3374 612 3436 IV,
630 3372 656 3424 8.
676 3379 784 3425 Sturz.
802 3376 894 3425 Lexic.
912 3377 1039 3436 Xenoph.
1057 3375 1122 3425 Vol.
1141 3375 1190 3423 Ill.
1209 3391 1237 3436 p.
1256 3371 1313 3422 278.
1331 3383 1350 3416 c·

237 3461 350 3512 Βνααοίι.
372 3461 453 3508 Anal.
478 3461 511 3506 Τ.
536 3460 560 3508 Ι.
585 3475 612 3520 p.
631 3457 691 3509 499.
710 3463 853 3508 Hermann.
881 3464 914 3508 ad
938 3461 1031 3522 Viget.
1051 3477 1078 3522 p.
1096 3452 1156 3510 717.
1175 3459 1274 3508 imitati
1289 3453 1351 3504 illud
1379 3475 1380 3502 t

236 3556 296 3598 tunt
320 3545 440 3595 Romani.
475 3545 515 3592 Ita
541 3542 635 3591 lustin.
661 3544 753 3595 histor.
776 3545 825 3603 IV,
849 3537 874 3602 3,
900 3545 926 3593 2.
950 3537 1018 3593 Ausi
1042 3545 1145 3593 lacinus
1167 3543 1235 3592 uuili
1251 3551 1350 3609 ίμναανο
1379 3523 1380 3540 ’

236 3634 439 3692 comperandum
455 3629 475 3677 i.
495 3643 520 3678 e.
538 3627 638 3676 nullius
652 3629 759 3691 tyranni
775 3629 895 3680 facinori.
914 3629 968 3679 Gic.
990 3629 1069 3679 Tusc.
1089 3631 1140 3703 Qu.
1153 3629 1175 3688 1,
1195 3631 1221 3680 1.
1241 3631 1273 3675 de
1290 3630 1347 3672 ortt.
1379 3685 1380 3704 Χ

234 3720 258 3773 Ι,
276 3717 302 3765 6.
320 3716 369 3774 111,
389 3715 430 3762 17.
467 3713 595 3761 Similiter
611 3711 727 3760 incertus
745 3715 856 3775 scriptor
873 3715 936 3762 belli
951 3713 1140 3763 Alexandrini·
1160 3715 1296 3768 Metellus,
1313 3705 1348 3753 in·
1379 3719 1380 3762 ξ

236 3800 305 3862 quit,
324 3810 408 3846 castro
426 3812 481 3844 cunt
498 3795 594 3860 Lepido
612 3797 782 3860 coniungiti.
801 3813 827 3848 e.
847 3815 905 3847 cnm
923 3799 1011 3846 castris
1028 3797 1134 3858 Lepidi.
1167 3799 1251 3858 Supra
1268 3803 1348 3843 tumen

234 3887 282 3944 111,
308 3884 351 3952 32.
375 3897 432 3961 non
454 3870 606 3930 observavit
627 3893 779 3932 consuetum
800 3883 877 3932 illum
900 3883 1006 3931 dicendi
1022 3895 1099 3930 usum
1115 3875 1252 3932 Eusebius.
1282 3871 1349 3925 Dixit

236 3970 308 4018 enim
323 3967 381 4015 ibi:
417 3963 453 4029 τῷ
471 3963 529 4013 τοῦ
547 3965 676 4034 κυρίου
694 3965 803 4016 πάθει
819 3964 1000 4036 παραπλήσιον
1017 3965 1097 4022 τέλος.
1134 3965 1262 4060 Similiter
1278 3955 1348 4010 Euri·

235 4055 290 4118 pid.
311 4054 398 4106 orest.
416 4065 442 4100 r.
463 4051 530 4100 10⁵6
547 4066 586 4111 sq.
684 4041 690 4054 ’
997 4059 999 4067 ’

473 4192 506 4208 ·-
522 4197 558 4210 -
574 4168 603 4218 σὲ
620 4166 645 4218 δ’
662 4187 696 4218 σιν
685 4133 795 4238 χριάν

474 4265 695 4340 &proscriptionem
711 4278 790 4330 τοῖς
807 4276 901 4339 ἐμοῖς
925 4269 1165 4338 τολμήμασιν..
1178 4299 1187 4318 -.
1239 4279 1245 4320 ι’
