2792 4930
298 217 562 289 rllSTottlln
582 217 768 302 EGGLES.
792 221 882 290 LIB.
915 222 961 308 V,
982 224 1042 292 24.»
1148 231 1213 298 ltu

1 429 2 458 ;
54 395 152 456 lias
183 391 320 486 ιίδιλφῷν
353 395 543 474 ἐπιστείλας,
572 396 762 480 παρίσταται
784 396 843 476 μέν
877 393 911 459 ιδ
934 395 997 459 δεῖν
1020 402 1063 480 ¹³)
1084 401 1117 464 ἓν
1137 399 1215 490 μόνῃ

53 496 108 584 τῇ
151 499 207 572 τῆς
238 497 386 576 sussurim
415 496 515 587 ἡμέρᾳ
544 497 580 564 τό
603 499 658 574 τῆς
681 499 737 562 τοῦ
761 500 868 579 αισι-ἀα
890 496 1086 575 ἀναστάσεως
1108 505 1213 568 iutra-

1 639 2 642 =
52 603 206 663 λεῖσθαι
226 598 416 682 μυστήριον·
442 602 485 663 τιὸ
506 625 600 684 ristun
622 601 990 683 Βίκιοριιιραιιηκόιιως
1012 602 1111 684 orcus}
1131 605 1214 670 o’tto-

1 749 2 766 ι
52 700 192 769 nonunt
215 703 285 775 diue
307 705 465 810 ἐκκλησίας
488 712 539 766 de
518 705 565 806 oti
585 702 717 786 ιῖρχαιίιυ
740 701 833 776 ἔθους
848 704 1060 787 unedricus
1045 706 1218 789 rastispon-

1 883 2 896 ἵ
56 831 201 883 σας,π
180 803 342 872 stricta?
327 805 415 896 eursu
439 811 599 892 παραινεῖ,
644 809 696 868 καῖ
725 803 885 884 αυιαῖςόὲ
907 799 1155 890 ῥι,ιιασιτα’δι’
1140 837 1209 876 erst-

55 911 196 992 λε’·γαιν
218 909 314 985 „cadi
337 936 394 994 γαρ
416 910 511 992 μόνον
530 935 600 992 περι
624 935 677 985 της
699 899 815 993 ημὲρας
834 912 916 974 r'oztu
933 937 952 986 η
970 909 1214 996 οἶμᾳισβηιιισις,

52 1010 152 1076 cidini
166 1013 226 1075 sut
249 1015 321 1098 πιρῖ
343 1037 395 1076 ιιι
382 1013 566 1098 reicere)
589 1012 685 1084 αὐτοῦ
707 1013 770 1114 τῆςΙ
784 1017 986 1096 νηστείαςῧ).
1010 1011 1055 1078 Οἴ
1071 1019 1127 1098 μὲν
1148 1019 1206 1102 γὰρ

165 1222 167 1230 ¹
287 1227 289 1232 ·
313 1226 317 1234 l

57 1301 146 1340 esset
161 1289 305 1351 memoria,
322 1290 384 1342 ideo
402 1306 431 1341 se
447 1291 509 1340 illas
526 1291 733 1352 praetermisisse
750 1288 851 1342 scribit.
874 1291 931 1354 Ego
949 1307 1013 1344 vero
1030 1293 1127 1355 prioris
1144 1293 1223 1355 qui·

56 1378 137 1424 dem
154 1376 228 1426 iilius
250 1377 346 1440 synodi
363 1363 544 1456 Lugdunensis
561 1379 648 1427 fateor
665 1381 801 1426 obscuram
815 1387 872 1425 esse
883 1379 1047 1428 memoriam.
1083 1379 1136 1426 Sed
1153 1393 1202 1439 po·

56 1461 171 1509 sterior
196 1461 259 1509 illa
267 1461 296 1509 itt
322 1473 372 1520 qna
390 1463 423 1508 de
441 1461 484 1509 die
502 1449 615 1522 paschae
633 1469 720 1510 aetum
738 1469 792 1520 est',
809 1459 985 1512 illustrissimo
1003 1451 1110 1512 Eusebii
1128 1463 1202 1512 testi-

57 1545 365 1595 moniofronurmrrur.
400 1547 484 1595 Locus
508 1555 547 1596 est
568 1548 598 1596 iu
616 1561 672 1606 cap.
691 1548 735 1594 23.
755 1547 832 1595 buius
857 1547 939 1606 libri,
962 1549 1008 1596 ubi
1033 1551 1067 1596 de
1093 1545 1202 1611 synodis

57 1631 256 1690 epiaouporum
273 1629 336 1692 egit,
349 1643 417 1690 quse
435 1634 468 1679 ob
486 1630 688 1680 controversiam
706 1629 786 1690 supe'r
802 1635 896 1692 pascl'ra
914 1632 993 1680 variis
1010 1631 1037 1680 in
1053 1632 1119 1682 locis
1137 1641 1202 1680 uon·¹

58 1725 196 1776 gregatae
213 1725 290 1773 suut,
309 1726 335 1764 et
352 1717 385 1763 de
403 1715 536 1778 synodicis
553 1719 679 1776 cuiusque
696 1717 803 1763 consilii
818 1717 903 1764 literis
920 1727 1035 1766 tractans
1058 1717 1199 1777 Eusebius,

58 1799 274 1861 Lugdunensem
291 1802 420 1861 synodum
444 1801 486 1846 cui
504 1801 619 1861 praefuit
636 1801 771 1857 irenaeus,
789 1815 842 1849 non
861 1811 993 1861 postremo
1010 1805 1068 1850 loco
1086 1813 1199 1850 comme·

58 1894 172 1941 morat,
191 1881 303 1932 καὶτῶν
320 1899 386 1931 sunu
404 1870 518 1930 Γαλλίαν
535 1883 693 1949 sustossoria,
716 1901 747 1938 ας
757 1883 902 1950 Ιιὶιιηναιοι
921 1881 1061 1933 interdura
1080 1886 1200 1934 Subiun-

59 1968 108 2030 git
132 1970 211 2017 etiam
235 1971 363 2018 Eusebius
385 1970 523 2030 epistolam
544 1969 697 2042 synodicam
719 1970 841 2030 irenaei,
870 1974 903 2020 de
925 1977 975 2031 que
998 1987 1069 2020 nuuc
1086 1972 1197 2032 agimus.

61 2051 238 2121 Quamquam
256 2053 367 2103 dubitari
386 2064 486 2115 potest,
502 2064 592 2103 utrum
609 2057 674 2102 baec
691 2055 818 2117 synodica
836 2055 940 2103 irenaei
957 2056 1070 2115 epistole
1096 2057 1138 2102 ad
1147 2054 1204 2104 Vi·-

61 2145 172 2186 ctorem
189 2153 283 2198 papam
300 2143 392 2188 eudem
409 2139 444 2187 sit
461 2153 520 2188 cum
536 2139 583 2186 itta
602 2139 676 2186 ouius
693 2138 812 2186 meminit
830 2129 983 2188 Eusebius
974 2154 1004 2187 ru
1021 2140 1091 2188 dicto
1108 2138 1196 2198 capito

60 2221 112 2272 23.
131 2237 167 2270 su
183 2233 272 2272 nutem
290 2225 420 2283 diversa,¹
439 2233 466 2271 et
488 2223 517 2272 in
540 2224 591 2272 atis
610 2221 710 2286 synodo
728 2225 897 2286 lugdunensi
919 2223 1075 2284 conscripta.
1111 2223 1195 2284 Equi·

61 2307 130 2354 dem
156 2321 237 2356 uuam
254 2312 417 2375 eandemque
435 2323 492 2356 esso
510 2309 643 2357 existimo.
677 2309 707 2354 ld
726 2309 797 2356 enirn
814 2311 936 2356 suadere
943 2308 1068 2356 ridentur
1084 2307 1193 2356 Eusebii

59 2393 163 2450 verbe,
189 2407 250 2440 cum
275 2393 338 2441 dicit
359 2392 518 2472 παρίσταται
536 2387 637 2457 'insuti
656 2390 738 2440 διῖνι
727 2389 838 2458 inuitus
856 2387 888 2457 τῆ
906 2391 954 2454 σῆς
971 2390 1092 2456 serpserit:
1109 2386 1195 2456 ἡμέρᾳ

61 2470 97 2522 τὸ
124 2474 174 2537 τῆς
199 2476 248 2524 rob
269 2478 357 2543 κυρίου
378 2473 544 2534 numantiorum
567 2478 744 2526 ἐπιτελεῖσθαι
762 2475 914 2544 μυστήριον.
949 2479 1053 2527 Deinde
1071 2479 1140 2537 quod
1158 2475 1196 2526 ait

62 2559 213 2622 Eusebius,
236 2564 303 2610 buno
329 2564 467 2624 epistolam
489 2579 524 2612 ex
542 2578 654 2625 persona
671 2565 797 2624 fratrum,
815 2566 843 2612 id
861 2575 910 2623 est,
929 2563 1111 2623 episcoporum
1129 2559 1193 2610 Gal·

62 2645 119 2694 liae
143 2648 176 2693 ab
194 2647 303 2697 Irenaeo
322 2663 377 2696 esse
394 2649 577 2710 conscriptam.
611 2651 706 2709 Neque
725 2649 796 2697 enim
812 2649 955 2697 verisimile
972 2659 1029 2708 est,
1048 2651 1113 2694 duas
1129 2659 1194 2708 syn·

64 2732 131 2780 odos
158 2733 193 2779 de
219 2747 270 2779 uua
295 2737 437 2792 eademque
465 2747 495 2782 ra
513 2744 567 2782 tam
584 2735 660 2783 brevi
676 2735 802 2793 temporis
818 2733 960 2780 intervallo
978 2733 1007 2779 in
1024 2730 1111 2780 Gallie
1129 2742 1192 2778 cott-

65 2824 188 2876 gregatas
212 2815 302 2866 fuisse.
337 2819 420 2866 Porro
442 2818 464 2866 si
483 2820 540 2879 quis
557 2818 624 2868 scire
642 2820 782 2877 desiderat,
801 2821 933 2866 undenam
949 2818 1057 2864 lacobus
1075 2815 1191 2863 Sirmou·

65 2901 116 2948 dus
134 2901 201 2948 duas
216 2900 276 2952 ittas
294 2903 481 2964 Lugdunenses
498 2904 613 2952 hauserit
629 2899 754 2967 synodos,
772 2902 837 2949 sciat
854 2903 881 2949 id
896 2905 1062 2959 desumptum
1080 2912 1137 2947 esse
1155 2911 1192 2948 ex

63 2984 151 3032 veteri
168 2985 295 3047 synodico
312 2987 481 3048 Argentorati
499 2988 579 3038 edito.
615 2989 666 3037 Sed
685 2987 763 3036 buius
778 2979 866 3034 libelli
885 2995 1035 3040 auctorum,
1058 2985 1190 3032 sublestae

63 3067 130 3118 fidei
157 3081 215 3117 esre
241 3069 293 3117 iam
310 3085 389 3132 supra
407 3071 571 3133 monuimus,
598 3074 643 3133 qui
661 3087 721 3120 cum
738 3071 816 3120 sciret
832 3073 972 3118 Irenaeum
989 3071 1114 3118 adversus
1133 3064 1189 3119 Vs-

63 3153 199 3202 lentinum
217 3163 243 3202 et
261 3155 325 3204 alios
342 3157 490 3208 haereticos
507 3158 650 3220 scripsisse,
665 3167 773 3216 arrepta
790 3155 852 3204 binc
870 3154 1013 3212 occasione,
1031 3152 1111 3200 finxit
1127 3165 1192 3212 syn-

65 3240 145 3288 odum
167 3237 285 3298 Lugduni
308 3243 433 3288 adversus
455 3242 517 3291 illos
543 3243 687 3292 haereticos
712 3244 745 3289 ab
763 3243 874 3289 irenaeo
892 3241 1030 3288 collectum
1046 3235 1137 3286 iuitse.
1155 3259 1189 3272 -

66 3321 113 3385 13)
140 3322 309 3387 Παρισταται
330 3325 379 3388 μὲν
402 3320 434 3373 τὸ
453 3324 515 3377 δεῖν.
550 3329 584 3376 In
599 3329 669 3375 libro
687 3325 807 3374 Turnebi
823 3328 858 3372 ad
876 3337 950 3374 oraru
967 3324 1133 3370 emendatum
1151 3329 1191 3368 est

65 3403 102 3470 τῷ
130 3403 194 3456 δεῖν.
230 3409 305 3476 Quae
331 3411 480 3473 emendatio
508 3412 586 3470 etiam
610 3413 639 3460 in
663 3409 774 3459 nloraai
799 3425 829 3458 ao
852 3407 957 3456 Gruteri
974 3405 1049 3455 libris
1066 3407 1189 3456 babetur.

65 3492 122 3540 lieo
139 3493 229 3542 dubito
247 3492 310 3552 quin
336 3494 464 3543 Eusebius
489 3496 527 3544 itu
544 3497 669 3556 scriptum
685 3489 832 3556 reliquerit.
867 3491 1005 3562 Sioenim
1020 3489 1094 3550 loqui
1111 3490 1196 3548 solet,-

66 3585 96 3624 ut
112 3577 200 3624 notavi
218 3579 251 3624 ad
270 3587 347 3637 caput
364 3579 515 3628 vicesimum
533 3581 638 3629 tertium
656 3581 717 3627 libri
735 3578 830 3639 quarti.
849 3601 884 3614 -
918 3574 961 3632 tt)
980 3569 1054 3624 :lili
1072 3571 1115 3620 καὶ
1132 3568 1198 3637 περι

67 3659 115 3708 roi
133 3659 219 3716 eidone
245 3655 327 3710 αὐτοῦ
348 3661 396 3724 τῆς
412 3663 541 3724 νηστείας.
576 3663 714 3724 Duplicem
732 3664 770 3712 nit
785 3665 910 3710 irenaeus
927 3669 990 3708 tunc
1008 3657 1132 3718 temporis
1149 3657 1191 3706 iu·

65 3743 117 3794 isse
135 3746 324 3798 dissensionem
340 3749 370 3796 in
382 3749 508 3808 ecclesia,
527 3749 636 3808 primam
654 3752 686 3796 de
705 3747 747 3797 die
765 3747 893 3808 paschae,
919 3748 1029 3792 alteram
1055 3745 1088 3790 de
1106 3742 1192 3790 formo

65 3829 168 3882 ieiunii.
204 3833 264 3881 Non
287 3833 351 3882 dicit
367 3834 558 3882 dissensionem
580 3832 661 3880 tuisse
679 3834 712 3878 de
729 3829 844 3887 ieiunio,
868 3831 915 3878 sed
933 3837 1033 3878 tantum
1050 3829 1082 3874 de
1100 3823 1193 3876 ieiunii

65 3917 167 3978 forma,
193 3916 221 3964 id
247 3927 304 3976 est,
337 3927 401 3978 quot
426 3917 518 3968 diebus
542 3925 611 3964 esset
633 3915 819 3970 ieiunandum,
851 3923 880 3962 ut
897 3922 987 3972 postea
1004 3911 1119 3970 explicat
1135 3911 1193 3958 lre·

68 4013 158 4050 naeus.
195 4001 292 4050 Omnes
311 4004 397 4062 enim,
417 4011 471 4054 tam
487 4002 507 4049 ii
525 4000 570 4060 qui
587 4003 680 4060 pascha
699 3999 741 4046 die
760 3997 891 4046 dominico
909 3999 1094 4052 celebrabant,
1113 4007 1193 4052 quom

68 4081 110 4132 illi
130 4085 176 4145 uui
200 4101 258 4134 oum
282 4088 387 4136 Iudaeis
411 4084 605 4147 quartadecima
627 4087 691 4134 larua
712 4084 808 4130 festum
825 4084 892 4131 illud
910 4083 1088 4143 peragebant,
1113 4077 1142 4126 in
1160 4089 1193 4128 eo

70 4169 175 4228 quidem
199 4172 402 4230 conveniebant,
429 4173 515 4231 quod
525 4179 585 4217 ante
611 4171 706 4229 pesulan
722 4167 894 4216 ieiunarent.
917 4166 994 4234 Quod
1010 4160 1140 4216 ieiunium
1156 4173 1194 4210 ex

69 4251 229 4304 sraditioue
226 4257 379 4317 rpostobea
391 4263 567 4317 susceperant
582 4253 694 4314 perinde
712 4267 743 4300 sc
760 4253 857 4302 festum
872 4251 1004 4312 paschate.
1039 4245 1118 4296 certa
1139 4243 1194 4294 Eu·
