2784 4922
8 299 10 340 η
260 255 523 332 fflsuolzlau
544 253 730 326 eccles.
748 251 840 326 lm
864 255 926 338 Vl,
947 261 1001 330 12.
1111 263 1174 344 m

8 477 10 518 η
55 429 317 512 ίκκλησιαοτινιοδς
337 430 470 519 ἄνδρας,
491 431 544 496 καί
564 427 654 494 ἄλλαι
674 427 751 512 πρός
771 427 893 513 ἑτέρους
912 430 1087 498 ἐπιστολαί·
1110 433 1176 500 ’ἑνε-

53 537 104 626 ρός
124 559 157 603 τε
177 537 418 619 συντεταγμένος
438 532 524 623 αὐτῷ
543 531 631 616 λόγος
651 535 723 617 περὶ
745 532 801 598 τοῦ
821 532 980 617 λεγομένου
1002 533 1083 602 κοινοί
1104 541 1177 604 Hi-
1259 536 1262 546 ’

8 629 9 666 ³
53 666 123 726 ερον
151 639 342 725 εὐαγγελίου·
372 637 407 705 δν
435 638 602 715 πεποίηται
627 632 802 719 α’πελέγγονν
823 633 862 699 τό
883 637 1007 720 ψευδῶς
1026 639 1065 715 έν
1092 639 1180 732 αὐτῷ
1217 697 1220 702 .

8 815 9 818 ¹
53 744 203 828 εἰρημένα,
227 740 279 807 διοί
302 766 389 815 τινας
408 741 441 806 έν
463 739 502 829 τῇ
523 737 602 806 κατεῖ
621 737 801 823 ‘Paradae
823 739 991 830 παροικίᾳ,
1019 741 1178 828 προφάσει

8 899 9 910 .
54 849 106 926 τῆς
134 848 295 933 εἰρημένης
327 845 449 930 γραφῆς
484 844 529 917 είς
550 838 745 928 έοεροδόξους
777 843 974 920 διδασκαλίας
994 840 1178 915 οίποκείλαν-

8 919 10 998 ί
52 975 115 1025 νας.
157 942 232 1033 'Ap’
261 945 299 1026 ἧς
330 949 361 1034 ⁶)
392 947 518 1030 εόλογον
539 947 690 1030 βραχείας
710 944 917 1027 παραθέσθαι
937 945 1048 1026 λέξεις,
1071 948 1112 1014 δι’
1132 947 1176 1019 ὦν

8 1027 10 1118 ί
52 1053 87 1130 ἣν
115 1051 178 1138 εἶχε
207 1053 278 1138 περί
299 1051 355 1116 τοῦ
375 1053 498 1133 βιβλίου
519 1045 641 1134 γνοίμην
662 1047 853 1136 προτίθησιν
875 1045 904 1132 ⁷)
926 1046 1007 1112 οὕτω
1028 1049 1175 1136 γράφων·

51 1205 67 1236 ,,
76 1156 161 1240 ἡμεῖς
183 1153 257 1240 γαρ,
281 1152 423 1236 οἶδελᾳοί,
456 1153 509 1219 καί
538 1153 663 1236 Πέτρον
684 1155 736 1214 καί
759 1150 831 1225 τούς
849 1149 959 1224 ἄλλους
987 1148 1176 1233 ἀποστόλους

53 1258 270 1343 ἀποδεχόμεθα
298 1256 342 1338 οἷς
372 1253 527 1345 Χριστόν·
559 1254 597 1321 τοί
620 1255 653 1322 δέ
685 1249 814 1339 ὀνόματι
842 1255 872 1341 ⁸)
905 1250 1009 1320 αυίοἷκ
1027 1261 1176 1344 ψευδεπί-

57 1407 293 1446 ---···,
413 1379 416 1388 .

51 1503 105 1564 tati,
122 1511 154 1552 ut
171 1517 231 1552 cam
247 1503 293 1552 vel
309 1509 371 1551 tuuc
387 1497 455 1552 velit
471 1509 617 1562 ostentare,
633 1498 680 1551 nbi
696 1499 793 1553 rectius
809 1500 879 1554 nolit
893 1499 912 1553 i.
930 1515 957 1555 e.
974 1499 1022 1565 qai
1038 1503 1173 1556 urbanita-

51 1597 103 1638 tem
120 1590 253 1650 quandam
270 1600 334 1648 prae
350 1601 380 1638 sa
397 1588 451 1636 fert
468 1589 625 1648 affectatam,
634 1591 752 1648 mollem,
770 1587 922 1636 delicatam.
956 1587 1098 1641 Heliodor.
1120 1591 1187 1642 Vll·

50 1689 75 1734 p.
93 1675 156 1723 390.
175 1668 340 1739 λθελόοοφος
355 1671 375 1722 i.
394 1687 419 1722 c.
438 1672 484 1734 qui
501 1671 619 1734 quamvis
637 1673 753 1724 maxim
771 1675 923 1732 contendat,
948 1680 1038 1722 tamen
1062 1687 1117 1724 uon
1133 1655 1191 1725 aa·¹

49 1759 169 1818 sequitur
185 1773 277 1812 veram
293 1757 458 1818 sapientiam.
494 1759 549 1808 Nos
566 1755 690 1806 similiter
705 1757 734 1806 in
751 1757 805 1807 vita
822 1755 974 1818 quotidiana
988 1756 1114 1808 dicimusc
1131 1760 1174 1810 ein

52 1845 214 1908 Gerasegros'a.
250 1844 414 1914 Quamquam
431 1841 461 1891 iu
478 1842 539 1891 aliis
556 1839 685 1891 eiusmodi
701 1841 880 1891 locutionibus
901 1840 988 1890 miuus
1010 1841 1081 1892 inest
1100 1843 1174 1893 iani·

48 1927 122 1990 diae,
142 1939 169 1978 et
185 1931 269 1978 solum
285 1928 348 1977 valle
364 1936 508 1990 spectatur,
524 1935 555 1974 ut
570 1925 599 1974 in
616 1923 816 1987 λθείοδουλεῖν,
835 1921 1018 1986 ἐθελοκακεῖν,
1038 1925 1173 1976 ἐθελόκα-

50 2029 107 2080 φος.
145 2014 179 2062 ci.
204 2015 278 2063 Xen.
303 2010 989 2072 Memlv,1,18.Aras.1v‚e,1o.v,e,e.
1026 2012 1079 2061 Sed
1103 2017 1172 2076 apud

48 2099 182 2159 Epiphau.
200 2092 304 2148 haeres.
330 2097 402 2145 XVI
430 2099 524 2146 eodem
540 2098 610 2144 malo
627 2110 707 2146 sensu
723 2097 823 2160 legitur
839 2094 1171 2164 έθελοπεριοσοθρησκεία.

49 2184 88 2234 Gi.
119 2182 222 2233 Suicer.
247 2184 281 2231 Τ.
305 2182 329 2231 Ι.
348 2196 375 2242 p.
395 2179 473 2229 1005.
508 2175 645 2230 Iu'nustro
662 2184 720 2231 loco
737 2182 816 2230 simul
832 2181 890 2242 ipsa
906 2197 960 2232 vox
977 2182 1109 2250 θρησκεία
1126 2199 1173 2248 pe·

47 2267 96 2318 iori
122 2281 199 2316 seusu
224 2267 293 2314 dicta
308 2265 415 2314 ridetur
432 2272 459 2314 et
475 2265 533 2314 iera
550 2265 623 2316 idem
640 2268 709 2326 quod
726 2281 840 2326 sequeus
858 2259 1026 2331 λοεροδόξονς
1044 2266 1173 2319 διδασκα-

50 2351 115 2406 λίας.
136 2350 286 2422 Hesychius
304 2363 408 2410 quoque
427 2348 563 2415 δρῆοκος·
582 2347 743 2417 ἓτερόδοξος.
764 2353 797 2401 ci.
816 2353 904 2402 Iacob.
920 2353 941 2410 1,
952 2352 995 2403 26.
1013 2353 1171 2416 Philoquod

46 2435 164 2486 deterior
180 2434 277 2496 potiori
294 2433 415 2483 insidiari
431 2438 515 2485 soleat
530 2451 557 2498 p.
577 2437 637 2486 tae.
655 2436 801 2502 θρησκείαν
819 2429 877 2484 ἀντὶ
895 2431 1042 2500 ὂονὸοητος.
1078 2441 1115 2488 Η.
1139 2467 1173 2478 .-

47 2521 74 2581 1)
94 2517 213 2568 Πόντιον
238 2522 266 2569 lr.
288 2522 309 2568 1.
338 2533 428 2569 ornnes
446 2520 529 2572 MSS.
549 2529 575 2568 et
591 2521 654 2570 liui.
673 2531 797 2580 tuentur,
815 2537 894 2581 supra
913 2532 1004 2572 autem
1028 2521 1064 2584 V,
1083 2523 1116 2574 te
1133 2521 1174 2572 di·
1257 2523 1260 2530 '

48 2611 158 2656 celatur
173 2605 222 2654 ille
241 2598 371 2658 Ποντικὸς
387 2604 416 2651 iu
432 2603 514 2653 MSS.
550 2607 586 2654 H.
606 2631 641 2644 -
674 2607 701 2664 5)
721 2602 802 2655 Κανὰ
815 2601 948 2658 Ῥωσσὸν.
982 2607 1053 2656 Urbs
1071 2618 1111 2656 est
1127 2607 1173 2660 Gi·

49 2692 137 2750 ciliae,
155 2693 189 2738 ud
207 2693 329 2738 dextram
345 2688 505 2736 intrantibus
522 2688 631 2738 Issicum
647 2690 778 2751 sinum‚et
794 2690 839 2740 alii
857 2693 965 2752 quidem
982 2706 1041 2740 cum
1057 2691 1173 2754 simplici

50 2777 206 2833 ascribunt,
223 2774 295 2822 inter
313 2785 377 2832 quos
396 2782 435 2820 est
453 2773 601 2834 Stephanus
617 2777 650 2823 de
668 2777 796 2835 urbibus.
816 2784 842 2825 et
859 2777 1042 2826 'theodoretus
1059 2777 1088 2824 in
1104 2775 1172 2825 reli·

48 2861 121 2924 giosa
138 2859 266 2916 historia,
285 2872 341 2918 cap.
361 2857 402 2906 10.
423 2865 451 2906 et
467 2857 509 2906 11.
548 2858 705 2919 Corruptum
722 2869 762 2908 est
777 2874 876 2910 nomen
899 2859 978 2909 huius
1003 2860 1076 2910 urbis
1102 2863 1174 2922 apud

48 2948 220 2994 Plutarchum
244 2941 274 2992 in
297 2940 449 2999 Demetrio,
472 2940 519 2988 ubi
542 2943 648 2991 Seleuci
672 2957 703 2991 ac
720 2943 851 2993 Demetrii
867 2943 1030 3005 colloquium
1046 2945 1174 2996 refertur.

49 3029 107 3080 Καὶ
124 3024 259 3096 παρούσης
275 3021 326 3088 ἤδη
346 3024 423 3092 φίλας
439 3023 487 3087 τῆς
504 3022 640 3090 γυναικὸς,
664 3021 734 3091 αὐτῷ
752 3023 818 3094 πρὸς
831 3021 956 3096 Ὀροοοδν
974 3021 1103 3092 ἀπήντησε
1122 3027 1176 3076 Σέ-
1219 3013 1222 3020 ’

48 3115 148 3170 ieamer.
182 3117 250 3163 Item
266 3112 296 3160 in
313 3113 340 3162 7.
359 3113 460 3176 syuodo
478 3111 583 3161 actione
599 3111 626 3162 4.
643 3112 690 3161 ubi
705 3115 771 3163 haec
792 3114 944 3164 referuntur
970 3127 1006 3163 ex
1030 3112 1085 3162 vitu
1110 3128 1176 3163 sau·

8 3193 9 3200 ¹
48 3203 82 3250 cti
100 3199 241 3264 symeonis
260 3196 286 3246 έν
299 3191 390 3262 Ῥώοην
400 3192 475 3244 πόλει
491 3194 539 3258 τῆς
555 3194 686 3252 Κιλικίας.
703 3225 739 3236 -
755 3200 783 3257 6)
798 3193 845 3254 Ἧς
862 3201 932 3260 quod
948 3197 1015 3261 legit
1031 3210 1177 3260 praeeunte

47 3287 140 3348 steph.
169 3293 196 3332 et
221 3282 393 3345 probabiliter
418 3283 573 3332 auctoritate
598 3283 665 3345 Reg.
683 3282 759 3332 Mac.
776 3265 851 3334 MSt.
878 3291 930 3333 etc.
954 3292 1006 3334 etc.
1040 3283 1175 3346 Valesius,

47 3382 151 3421 temere
178 3377 243 3430 puto
260 3377 372 3416 mutasse
393 3367 529 3416 inductum
546 3369 578 3415 ab
596 3367 661 3428 oph.
680 3375 707 3416 et
723 3369 789 3418 Ruf.
808 3367 954 3419 Strothium
969 3366 999 3416 in
1015 3359 1057 3416 οὗ.
1091 3367 1178 3419 Euse-

47 3457 106 3504 bius
125 3449 197 3502 enim
214 3453 241 3501 li.
260 3450 281 3500 1.
298 3447 331 3501 ¹eo
348 3452 454 3500 facilius
468 3451 498 3500 in
514 3459 603 3501 mente
619 3454 718 3501 habere
736 3461 842 3514 poterat
866 3445 956 3517 γραφὴ
980 3454 1026 3500 vel
1044 3449 1177 3517 ἐπιστολὴ,

47 3553 136 3600 neque
153 3551 218 3587 sero
236 3532 314 3600 λόγος
326 3569 334 3595 ,
346 3537 405 3596 'quo
422 3535 549 3584 remotius
566 3535 635 3584 illud
653 3546 710 3584 crat
727 3545 754 3586 et
771 3550 823 3597 quo
846 3535 954 3598 propius
977 3533 1088 3602 γραφῆς.
1129 3537 1178 3588 lti-

46 3621 192 3673 hilomiuus
210 3637 246 3670 ex
269 3619 352 3682 priori
377 3619 425 3668 illo
448 3615 516 3684 λόγῳ
535 3619 598 3668 dicit
615 3620 755 3680 Eusebius,
773 3634 868 3682 operae
885 3619 1001 3681 pretium
1017 3635 1075 3671 esse
1093 3637 1178 3683 quaa·

46 3711 110 3756 dam
132 3705 270 3756 subiicere.
304 3705 346 3754 01.
371 3705 447 3752 locus
463 3704 526 3752 huic
548 3707 626 3764 plane
648 3703 807 3753 conveniam
823 3705 907 3766 111,e
935 3713 963 3754 et
978 3703 1044 3755 ibid.
1073 3715 1131 3759 not.
1149 3707 1176 3758 0.

47 3788 196 3843 strothium
210 3800 337 3851 εοηααῐοε
363 3798 403 3837 est
418 3788 488 3838 iusto
506 3787 581 3836 citius
599 3787 826 3848 Ζίννιπεννκανεααο,
845 3787 890 3848 qui
907 3792 1000 3838 eodem
1016 3791 1095 3842 modo
1111 3791 1177 3840 scri·

47 3871 164 3938 prisci.
200 3877 237 3926 H.
263 3902 297 3914 -
331 3875 360 3932 7)
379 3871 551 3938 Προτίθηοιν
575 3870 639 3919 Val.
665 3871 769 3932 scripsit
792 3886 847 3921 non
865 3886 1087 3936 commemorans,
1105 3857 1178 3925 nude

47 3962 120 4009 illud
135 3959 264 4009 hauserit.
283 3959 382 4009 Stroth.
402 3958 475 4006 dedit
491 3953 677 4022 προστίθησιν.
695 3957 732 4004 11.
745 3981 777 3992 -
794 3955 822 4013 8)
845 3951 883 4004 Τόν
901 3954 930 4018 δὲ
948 3951 1076 4023 ὀνόματα.
1096 3958 1177 4022 [Reg.

8 4029 9 4048 ¹
48 4045 145 4106 steph.
178 4045 239 4102 Π.]
270 4043 449 4092 Scribarum
470 4051 536 4102 puto
572 4034 701 4104 ὀνόματι,
735 4049 766 4089 ut
791 4039 913 4090 scribitur
934 4041 963 4090 iu
985 4043 1076 4092 codice
1100 4043 1177 4094 Mar.

50 4128 133 4178 Med.
151 4127 219 4177 lus.
238 4134 266 4176 et
283 4127 364 4176 Savil.
399 4122 490 4186 Atque
507 4125 545 4174 ita
561 4123 657 4188 legisse
674 4125 781 4174 videtur
796 4125 916 4174 Rufinus.
952 4126 996 4175 Sic
1006 4126 1076 4175 inira
1092 4126 1178 4186 loqui-

51 4221 93 4262 tur
117 4212 190 4262 idem
215 4207 361 4273 serapioni
378 4206 410 4259 τὸ
427 4205 467 4258 ὕπ’
488 4205 574 4258 οὔτῶν
590 4205 789 4276 προφερόμενον
808 4203 920 4274 ὀνόματι
935 4209 1042 4332 Qu
1070 4203 1184 4274 εὐαγγέ-λ

53 4295 118 4347 λιον.
154 4295 243 4346 Huius
260 4309 340 4360 porro
357 4297 490 4361 euangelii
507 4297 649 4347 secuudum
665 4297 790 4356 Petrum,
816 4278 972 4347 mention'*
1030 4293 1066 4342 cit
1083 4277 1189 4358 Ori'gess'

88 4401 170 4450 'foma
186 4398 224 4448 Π·
