2792 4930
267 279 310 348 ee
541 273 544 282 ’
590 273 800 350 sessuri
820 253 1075 342 Paruum·
1136 251 1167 315 Γ

265 450 322 529 τῆς
345 439 470 533 Θράκης
487 447 675 521 'iniuriosae‘
699 449 734 536 ζῇ
754 446 775 511 ὅ
794 445 869 538 eric
892 446 910 512 ὁ
931 449 963 512 ἔν
985 423 1054 522 τοῖς(
1071 424 1229 532 οῠρᾍιὶὸῗςς
1252 449 1299 516 ὅτι
1317 457 1371 516 Σω-

265 556 320 628 scic
344 552 361 618 e‘
389 550 541 636 praecipuae
574 550 592 616 ὁ
620 551 653 617 ἰν
681 549 840 638 'Apyrina
864 549 1071 636 5),·η”θὲλησε
1100 554 1154 640 rtis
1179 557 1314 636 'inipetu
1332 553 1371 618 ris

264 723 495 748 m

263 831 314 882 nris
329 828 460 878 veteribus
476 818 542 887 ‘quos
561 825 643 876 edidit
659 825 771 874 Ioannes
789 825 934 878 Tristanus.
969 828 1114 878 Anchialus
1132 844 1242 890 quoqne
1260 843 1321 889 quae
1336 841 1371 888 po·

262 927 319 968 stes
337 905 565 971 nominatur,urbs
583 921 622 959 est
641 912 769 958 Thraciae
787 913 849 960 satis
867 923 938 964 ncta.
974 915 1026 962 Sed
1052 931 1105 964 non
1130 917 1190 964 sine
1210 929 1285 962 causa
1301 911 1371 960 mirari

262 1001 352 1058 subit,·
375 1015 421 1046 cur
437 997 465 1044 in
483 1001 531 1044 hac
548 997 659 1056 epistola
677 995 826 1055 Serapionis
843 997 1001 1046 Antiocheni
1028 1000 1161 1060 episcopi,
1186 998 1371 1058 subscriptiones

262 1085 448 1147 episcopcrum
464 1081 594 1129 Thraciae
611 1080 710 1128 fuerint
725 1080 851 1130 adiectae.
887 1081 1015 1141 Equidem
1033 1081 1055 1132 si
1076 1086 1245 1132 coniecturae
1254 1083 1371 1142 indulgere

261 1173 341 1227 licet,
366 1167 489 1217 existimo
506 1167 642 1226 episcopos
660 1165 789 1212 Thraciae
807 1166 943 1225 epistolam
961 1169 1095 1228 scripsisse
1112 1173 1145 1216 ad
1163 1170 1291 1218 ecclesias
1307 1167 1370 1214 Asiae

264 1266 292 1306 et
313 1254 444 1316 Phrygiae
467 1254 591 1298 adversus
614 1249 780 1310 prophetiam
805 1251 939 1300 Montani.
979 1254 1082 1302 Eodem
1108 1258 1190 1313 plane
1213 1256 1305 1308 medo,
1333 1262 1370 1308 qut

263 1337 427 1404 presbyteri¹
440 1334 600 1384 Viennensis
623 1348 653 1380 ac
675 1335 856 1394 Lugdunensis
879 1339 1004 1386 ecclesiae
1022 1354 1101 1398 super
1119 1341 1216 1386 eodem
1235 1336 1334 1398 negotio
1348 1333 1371 1380 ai

262 1425 325 1474 illas
343 1423 512 1481 scripserant,
531 1417 688 1467 seutentiam
705 1432 778 1464 suam
797 1420 829 1466 de
846 1433 913 1468 nova
931 1419 978 1468 illa
999 1423 1136 1482 prophetia
1154 1432 1331 1482 exponentes,
1352 1425 1371 1463 al

262 1523 341 1570 snpra
363 1505 454 1554 retulit
474 1503 613 1552 Eusebius.
649 1503 725 1550 Certe
746 1504 792 1550 has
817 1505 1020 1564 subscriptiones
1038 1509 1069 1552 ao
1089 1511 1188 1556 calcem
1206 1507 1316 1554 alicuius
1331 1501 1371 1562 epi·

264 1597 347 1645 stolae
365 1589 480 1637 adiectas
497 1588 579 1635 luisse
597 1589 674 1635 docet
690 1589 734 1634 vel
749 1589 816 1634 haec
832 1601 884 1635 una
901 1591 1008 1638 Aurelii
1022 1592 1130 1654 Cyrenii
1147 1592 1313 1651 subscriptio,
1328 1590 1370 1636 Aa

224 1676 227 1684 “
263 1679 342 1728 relius
361 1672 481 1739 Cpr-errius
497 1677 610 1737 martyr,
629 1679 686 1734 opto
703 1687 744 1718 uos
760 1671 821 1718 berte
836 1674 927 1727 edere.
962 1676 1044 1724 Perre
1061 1675 1142 1735 ipsius
1161 1675 1314 1736 Serapionis
1330 1671 1370 1730 epi·

264 1765 347 1814 stolae
371 1758 508 1818 episcopos
533 1756 593 1805 illos
611 1755 807 1817 subscripsisse,
839 1771 1004 1819 nequaqnam
1037 1759 1184 1808 verisimile
1212 1771 1260 1810 est.
1300 1757 1368 1804 Prino

265 1848 325 1910 qnia
344 1843 472 1892 Eusebius
487 1840 516 1887 ie
533 1855 587 1889 nen
605 1841 685 1907 dicit,
712 1844 878 1890 sectantum
905 1843 1108 1904 subscriptiones
1139 1835 1259 1906 plurium
1290 1843 1368 1902 epistt·

264 1945 361 1996 porum
382 1929 411 1975 in
431 1926 477 1973 illa
503 1925 656 1985 Serapionis
674 1925 786 1986 epistola
805 1928 949 1985 contineri,
968 1929 1035 1976 sicut
1052 1929 1220 1988 Apollinaris
1237 1915 1371 2006 Hierapoli-i

265 2017 322 2068 tani
344 2013 455 2073 epistola
477 2009 564 2058 eidem
581 2011 733 2070 Serapionis
750 2011 878 2070 epistolae
894 2014 1011 2061 subiecta
1027 2015 1122 2062 lucrm.
1158 2016 1222 2063 lloc
1239 2015 1307 2062 enirn
1322 2024 1368 2058 con·

264 2105 335 2152 snlto
358 2091 458 2145 lecerat
483 2092 605 2154 Serapio,
631 2105 661 2143 ut
682 2095 798 2156 plurium
824 2097 1007 2158 episcopcrum
1029 2100 1185 2147 auctoritate
1204 2096 1325 2148 Montani
1339 2107 1368 2140 sa·

266 2197 335 2236 etam
358 2180 533 2231 convinceret.
568 2179 710 2228 Praeterea
735 2195 785 2239 qna
803 2181 905 2231 ratione
922 2183 980 2230 fleri
998 2193 1099 2242 posset,
1117 2192 1146 2230 nt
1163 2183 1282 2244 episcopi
1299 2183 1371 2232 Thra<

267 2272 324 2320 ciae
349 2259 545 2318 subscriberent
568 2263 653 2310 literis
675 2264 793 2324 episcopi
809 2265 989 2316 Antiocheni?
1024 2267 1181 2315 credibilius
1198 2269 1289 2327 itaque
1305 2273 1338 2314 est
1350 2262 1371 2308 ib

218 2405 223 2414 β
267 2359 338 2418 quod
355 2351 430 2409 dixi,
450 2349 586 2408 episcopos
604 2347 705 2394 scilicet
721 2349 852 2398 Thraciae
870 2351 1000 2399 communi
1016 2353 1122 2400 nornine
1139 2353 1274 2413 scripsisse
1292 2352 1320 2397 ad
1336 2361 1371 2394 eea

267 2441 361 2489 clesias
387 2435 467 2484 Asiae
492 2443 518 2482 et
535 2431 676 2492 Phrygiae.
713 2433 788 2499 Queri
807 2443 892 2482 antem
910 2435 1039 2486 Berenius
1056 2439 1120 2484 baec
1136 2437 1166 2484 in
1191 2437 1369 2493 conciliarent

268 2539 325 2575 esse
344 2528 432 2568 censet
448 2519 477 2565 in
494 2515 633 2564 annalibus
651 2519 682 2562 art
701 2531 800 2564 annuus
816 2519 911 2566 Christi
920 2522 986 2568 ⁴173.
1006 2537 1114 2570 numero
1133 2524 1187 2582 tn,
1209 2535 1286 2583 aegre
1302 2511 1368 2580 isitii

269 2604 451 2658 concesserim.
485 2603 578 2660 Neque
604 2600 675 2648 enim
700 2601 901 2662 subscriptiones
923 2604 988 2652 illae
1005 2608 1143 2670 synodicas
1160 2609 1255 2656 literas
1277 2601 1367 2662 sapiunt,

268 2708 318 2743 nec
335 2688 464 2738 Eusebius
481 2689 567 2734 ullium
584 2686 725 2732 concilium
741 2689 785 2733 vel
802 2688 830 2733 irr
844 2688 908 2736 Asia
926 2693 958 2736 ab
976 2691 1152 2750 Apollinare,
1171 2693 1218 2740 vel
1234 2692 1263 2738 in
1281 2683 1367 2736 Graecia

269 2786 388 2828 coactum
406 2785 462 2819 esse
480 2770 579 2818 scribit.
598 2770 650 2817 Sed
668 2783 717 2818 nec
734 2771 893 2820 'Tertulliani
909 2777 984 2823 locus
1002 2790 1037 2824 ex
1053 2776 1121 2842 libro
1139 2778 1173 2824 de
1191 2774 1297 2824 ieiuniis
1312 2767 1366 2830 quic

270 2877 347 2925 qnam
364 2857 428 2905 iacit
444 2869 492 2915 pre
510 2853 643 2903 Beroniot
662 2858 789 2918 Agantur
802 2867 933 2920 praetereo
947 2875 994 2922 per
1013 2860 1135 2909 Graecias
1150 2860 1200 2908 iila
1217 2859 1291 2908 certr's
1304 2855 1328 2901 in
1341 2852 1366 2897 10·

270 2948 308 2996 cis
324 2941 430 2992 concilia
446 2956 477 2986 ex
492 2938 613 2986 scismate
630 2939 753 2998 ecclesiis,
767 2957 896 3008 perquer
913 2952 937 2990 rt
953 2944 1049 2991 tritiora
1068 2945 1195 3010 quaedem
1217 2945 1245 2992 in
1262 2945 1366 2990 communi

260 3035 428 3083 tractentur,
447 3032 471 3070 ct
487 3023 544 3086 ipsu
561 3025 756 3086 repraesentatio
772 3026 851 3074 ratius
866 3027 976 3075 neminis
995 3020 1147 3088 Chrestiani,
1170 3045 1270 3094 nram
1286 3033 1368 3073 verna·

270 3114 339 3162 tinne
363 3109 509 3160 celebratur·
543 3108 597 3156 Hic
623 3110 694 3156 enim
717 3111 898 3158 Tertullianus
920 3127 974 3160 non
1001 3115 1173 3162 de.conciliis
1202 3112 1367 3164 catholicorum

269 3195 401 3258 loquitur,
420 3197 465 3242 sesi
484 3196 517 3241 de
535 3193 705 3240 conventibus
721 3195 956 3253 Moutaaistarum,
975 3206 1003 3244 ut
1020 3200 1154 3258 sequentia
1168 3179 1263 3260 ,aperte
1281 3198 1368 3241 demon·

270 3290 360 3333 strant.
380 3305 413 3315 -
449 3277 476 3341 5)
499 3271 527 3324 Ὁ
546 3279 572 3324 ἓν
586 3271 717 3340 Ἀγχιάλῳ.
753 3281 783 3326 ld
801 3289 848 3337 est,
864 3281 1000 3341 episcopus
1018 3284 1150 3343 Anchiali,
1169 3287 1238 3343 qnod
1257 3287 1294 3328 est
1309 3269 1366 3334 oppi·

269 3371 333 3416 dum
348 3365 376 3411 iu
394 3362 507 3410 Thracia
525 3372 554 3410 ut
570 3361 636 3410 dixi.
671 3363 710 3410 At
728 3363 973 3424 christophorsonus
991 3368 1056 3415 haec
1072 3369 1108 3414 ita
1126 3370 1222 3425 vertit,
1249 3361 1316 3424 quasi
1331 3358 1366 3402 St·

270 3462 309 3501 tas
325 3451 354 3497 in
371 3451 435 3495 urbe
454 3447 584 3496 Anchiale
602 3447 768 3494 daemonium
783 3448 918 3517 Priscillae
936 3449 1031 3499 eiicere
1048 3453 1179 3510 voluerit,
1207 3453 1274 3512 qnod
1291 3446 1365 3492 falsum

271 3545 318 3584 est.
354 3533 445 3590 Neque
473 3532 544 3579 enim
567 3529 687 3578 Priscilla
709 3533 870 3580 Anchialum
887 3536 977 3594 venit,
1002 3538 1048 3583 sed
1073 3537 1147 3584 Setae
1165 3536 1299 3596 episcopas
1314 3529 1364 3574 lant

270 3631 355 3668 norae
378 3615 450 3662 illins
477 3614 633 3674 prophetiae
659 3615 780 3675 excitus,
808 3631 844 3666 ex
871 3620 982 3667 Thracia
1005 3621 1034 3667 in
1052 3620 1194 3682 Phrygiam
1211 3614 1365 3677 navigaverat,

270 3703 360 3762 ibique
384 3697 544 3756 Priscillam,
571 3712 624 3746 non
653 3700 741 3748 divino
767 3702 878 3760 spiritu,
906 3707 951 3751 sed
975 3719 990 3751 a
1014 3708 1141 3753 daemone
1160 3703 1250 3766 agitari
1269 3702 1364 3747 cernenti

271 3799 329 3834 earn
347 3783 500 3832 exorcismis
517 3797 630 3844 purgare
647 3793 802 3859 tentaverat.
838 3789 898 3835 Non
914 3791 984 3836 selus
1002 3799 1089 3838 autern
1107 3792 1196 3848 Sotae,
1223 3790 1267 3836 seri
1286 3794 1310 3831 et
1324 3779 1365 3836 plu·

270 3869 331 3917 rimi
357 3869 403 3916 alii
426 3867 540 3926 episcopi
566 3867 594 3914 in
618 3869 759 3930 Phrygiam
777 3881 839 3918 tunc
857 3873 980 3932 temporis
999 3875 1109 3933 profecti
1126 3885 1200 3934 sunt,
1220 3877 1251 3922 ad
1269 3864 1369 3929 prophe<

270 3954 335 4002 tiam
351 3953 427 3999 illam
445 3953 478 3998 de
495 3937 642 4011 propinque
660 3954 876 4015 examinandam,
900 3968 929 4004 nt
947 3959 1042 4005 diserte
1056 3968 1164 4006 testatur
1182 3964 1318 4018 anorryntlls
1332 3943 1366 3988 ³¹¹⁰

270 4039 383 4097 scriptor
405 4035 434 4082 in
459 4049 516 4094 cap.
545 4037 588 4086 16.
612 4051 699 4095 supra.
734 4040 817 4088 Perre
843 4046 983 4090 notandum
1001 4050 1052 4098 est,
1077 4044 1166 4090 Sotarn
1187 4049 1311 4092 mortuum
1326 4028 1366 4074 Μ’

270 4123 365 4180 fuisse,
384 4134 443 4166 cnm
460 4121 524 4166 haee
541 4120 669 4168 scribebat
686 4122 780 4171 Aelius
796 4125 887 4175 lunas.
923 4127 998 4195 Quod
1016 4126 1077 4174 satis
1094 4127 1192 4194 iudicat
1208 4139 1260 4174 vox
1276 4120 1366 4174 illaiffl‘

271 4205 380 4273 κύριος,
409 4219 488 4265 quam
511 4203 603 4252 Graeci
630 4207 662 4252 de
679 4206 789 4255 mortuis
805 4212 890 4258 solent
906 4223 1042 4269 usurpare.
1078 4213 1195 4280 Quodsi
1212 4200 1368 4260 Sotaafldh¹¹⁰

247 4299 250 4304 “
271 4289 458 4356 superiuisset,
476 4287 535 4349 ipse
551 4289 670 4348 proiecto
688 4291 754 4339 banc
770 4306 828 4340 rent
843 4293 1035 4354 subscriptione
1052 4310 1100 4345 sua
1116 4295 1253 4348 firmasset·
1285 4285 1322 4336 ⁵¹⁰
1336 4283 1368 4324 ‘¹'
