2792 4930
317 233 580 360 ursaceus
602 235 789 310 noctua.
809 237 899 310 nte.
920 239 967 334 v,
989 241 1045 310 aa.
1154 242 1218 311 ιιι
1273 275 1275 284 ·

68 410 205 473 οἴονται
228 409 274 496 ¹⁶)
318 411 394 493 μίαν
427 409 544 496 ἡμέραν
573 416 616 490 ¹⁷)
662 412 724 476 titia
755 409 868 500 αὐιαὺς
899 409 1054 490 venatricis
1068 461 1077 491 ,
1118 418 1148 478 oi
1180 417 1215 480 de

75 589 305 616 -

69 701 203 762 primum
220 696 319 752 constat
335 701 477 752 Irenaeum
493 713 548 752 non
564 701 606 752 hic
622 699 697 763 ioqui
714 706 748 752 de
765 702 867 756 ieiunio
881 709 993 764 'qnmtae
1020 715 1047 753 et
1063 713 1157 754 sextae
1172 707 1214 755 ie·

1 767 2 800 ³
69 785 162 854 riae,
179 801 226 836 sen
244 791 276 836 de
293 787 392 837 ieiunio
410 787 560 836 stationum.
597 788 702 855 Quippe
719 789 846 837 Irenaens
863 789 907 836 liic
930 788 1070 838 manifeste
1096 791 1215 850 loquitur

71 873 113 920 de
133 871 235 921 ieiunio
253 871 307 920 diei
323 873 417 933 solidi,
433 887 489 922 noa
506 882 595 920 autem
613 872 751 922 dimidiati.
780 873 918 940 ΔΔίιριιίιιι
937 873 1027 938 οἱμὲν
1044 869 1095 940 γὰρ
1114 873 1219 923 οἴονται.

1 953 17 1006 ’,
71 955 151 1020 μίαν
175 952 275 1027 ἡμέραν
299 955 352 1004 δεῖν
376 949 471 1012 αὐτοὺς
497 954 637 1018 νηστεύειν,
664 967 714 1008 etc.
750 939 935 1010 arietariam
953 971 1060 1019 quartae
1079 971 1107 1009 et
1122 970 1214 1010 sextae

55 1041 169 1091 'ier-iae
191 1057 245 1092 non
262 1053 318 1091 erat
344 1048 452 1104 plenum
465 1043 607 1104 ieiunium,
626 1043 746 1111 necdiei
762 1043 858 1102 solidi,
876 1054 905 1095 nt
923 1059 1000 1105 sopra
1019 1046 1086 1095 dixi.
1124 1047 1214 1116 Quare

73 1127 160 1175 locus
182 1127 285 1176 irenaei
308 1131 342 1176 de
360 1130 409 1176 hoo
426 1127 526 1180 ieiunio
543 1128 659 1190 intelligi
676 1143 731 1186 non
748 1138 842 1188 potest.
878 1129 969 1178 ilestat
987 1143 1054 1196 ergo
1071 1139 1101 1180 ιιι
1118 1133 1162 1182 vel
1179 1133 1213 1180 da

73 1204 186 1261 ieiunio
209 1212 427 1274 quadragesimali
453 1216 522 1272 quod
550 1217 700 1264 solvebatur
717 1216 751 1258 ad
768 1228 921 1274 vesperam,
945 1215 990 1262 vel
1008 1213 1042 1262 de‘
1058 1214 1213 1278 superposi-
1287 1212 1290 1216 ’

74 1298 155 1346 tione
181 1301 270 1347 iocum
296 1299 370 1348 hunc·
387 1298 555 1358 accipiamus.
589 1299 631 1346 Aa
657 1297 800 1360 Dionysius
826 1298 931 1358 quidem
959 1299 1160 1349 Alexandrinos
1184 1310 1212 1350 et

75 1381 248 1442 Epiphanius
264 1383 293 1430 in
309 1381 374 1430 ionia
391 1397 471 1442 sopra
488 1383 640 1432 memoratis
659 1386 768 1434 suadeta
786 1383 928 1442 videntur,
952 1395 980 1432 ιιι
1001 1388 1036 1432 de
1059 1385 1211 1446 superposi-

74 1467 155 1516 tione
190 1459 282 1528 potine
310 1467 499 1536 intelligamus.
536 1469 596 1524 [Gi.
628 1466 787 1530 Augusti
820 1467 1075 1532 Deniwiirdt'giat'teu
1096 1485 1144 1518 aaa
1165 1469 1211 1518 der·

75 1551 242 1600 asiaticam
263 1551 451 1614 Archaeotaptr
474 1554 551 1602 'iloni⁸
580 1553 602 1601 1.
627 1570 655 1613 p.
683 1553 844 1602 tat-159.
863 1555 941 1602 Tam.
958 1555 995 1602 ll.
1024 1569 1052 1614 p.
1070 1554 1104 1604 95
1121 1569 1161 1616 sq.
1179 1571 1208 1616 p.

77 1635 132 1686 128
149 1652 207 1697 sqq·
242 1639 300 1693 tt]
323 1663 356 1674 -·
391 1638 434 1694 16)
456 1634 490 1689 Oi
512 1638 560 1702 pir
583 1633 633 1704 γὰρ
662 1637 763 1686 οἴονται
786 1636 851 1702 μίαν
869 1633 976 1702 ἡμέραν.
1011 1639 1088 1688 Haec
1105 1640 1210 1689 irenaei

76 1725 163 1772 verna
184 1721 386 1776 perterrariis
404 1733 512 1784 accepta
528 1733 609 1782 sant,
629 1726 691 1776 duro
709 1737 758 1784 pro
775 1738 823 1774 sno
840 1724 950 1785 quiaque
967 1724 1054 1773 studio
1071 1725 1211 1776 irenaeum

76 1809 112 1854 ad
130 1822 191 1856 snas
209 1817 297 1866 partes
314 1809 418 1856 trahere
436 1817 556 1860 conatur.
590 1808 767 1859 Bellarminus
784 1807 891 1868 quidem
905 1812 939 1857 da
957 1809 1155 1870 quadragesima
1168 1813 1208 1858 lo-

75 1905 139 1940 cum
156 1895 226 1940 hunc
241 1890 390 1950 intellexit,
408 1893 436 1940 id
455 1901 512 1953 ese,
531 1896 564 1942 de
581 1893 755 1955 quadraginta
772 1893 875 1942 dierum
899 1893 998 1942 ieiunio
1022 1903 1083 1942 ante
1101 1896 1206 1954 pascha.

62 1977 174 2036 'ltaque
192 1991 250 2024 cnm
266 1977 391 2024 irenaeus
408 1977 497 2025 scribit
514 1982 639 2038 quosdam
656 1993 737 2026 unum
754 1977 825 2026 diem
841 1979 986 2037 ieiunasse,
1010 1978 1038 2026 id
1061 1977 1208 2028 Belloi-mi*
1244 1987 1246 1989 ’

74 2075 127 2109 nus
143 2061 180 2108 ita
197 2059 342 2122 intelligit,
369 2072 398 2109 nt
423 2061 496 2110 diem
513 2077 603 2122 uuum,
622 2063 697 2112 veriti
715 2057 798 2124 gratia
815 2066 957 2112 secundam
973 2063 1084 2121 ieriam,
1109 2065 1206 2128 absone

74 2148 131 2194 ullo
156 2146 335 2208 transegerint
359 2146 436 2203 cibo,
460 2163 489 2196 ao
515 2147 612 2197 deinde
639 2149 740 2196 modica
767 2148 911 2196 reiectione
935 2163 1028 2208 corpus
1047 2147 1205 2196 curaverint.

74 2231 153 2278 idem
170 2230 296 2290 deinceps
314 2231 391 2278 tertia
408 2232 493 2291 lenia,
511 2234 585 2282 idem
601 2245 692 2293 quarta
702 2268 710 2293 ,
729 2233 820 2294 quinta
838 2241 865 2280 et
882 2243 960 2280 sexta
973 2212 1103 2290 ieceriitt,
1121 2235 1205 2282 donec

73 2323 159 2363 totam
177 2315 401 2376 quadragesimam
419 2318 583 2378 explessent.
618 2319 720 2368 Verum
738 2321 803 2366 haec
820 2317 977 2380 explicatio,
997 2326 1023 2364 et
1040 2331 1056 2362 a
1072 2317 1160 2364 verbio
1178 2327 1206 2366 et

74 2411 188 2448 asensu
205 2399 307 2448 irenaei
326 2401 430 2460 penitns
448 2405 580 2452 abhorrete.
608 2405 756 2453 Nonnullae
774 2404 829 2450 ⁷aidi
845 2403 889 2464 qni
908 2405 977 2450 lianc
994 2401 1099 2450 irenaei
1116 2404 1204 2476 locum

73 2488 107 2532 de
118 2485 291 2545 qnadraginta
309 2485 416 2544 quidem
432 2486 535 2534 dierum
552 2488 653 2550 ieiunio
671 2489 835 2548 acciperent,
859 2491 906 2536 sed
923 2487 959 2535 ita
979 2486 1155 2545 explicarent,
1173 2495 1204 2534 ut

74 2569 181 2630 quidam
198 2581 250 2618 una
268 2569 319 2629 dia,
339 2570 443 2629 quidam
461 2559 541 2621 biduo
559 2581 604 2620 aut
622 2574 708 2622 triduo
725 2573 875 2622 ieiunarent
892 2571 1071 2632 persingulas
1090 2573 1201 2634 quadra·

74 2654 188 2716 gesimaa
213 2656 401 2716 hebdomadas.
434 2657 507 2724 Quae
534 2657 639 2716 qnidam
665 2658 797 2718 expositio
821 2658 908 2718 priora
931 2656 976 2703 illa
993 2659 1076 2704 multo
1093 2655 1201 2728 videtur

75 2739 246 2801 probabilior.
281 2738 341 2788 Alii
358 2740 430 2788 inter¹
445 2755 510 2801 quos
529 2751 568 2790 att
586 2742 733 2793 cardinalis
750 2743 906 2800 Perronios,
925 2739 1029 2789 irenaei
1045 2743 1135 2790 locum
1156 2753 1200 2788 aa·

73 2825 173 2884 cipiunt
194 2837 248 2872 nan
265 2826 298 2871 de
315 2833 368 2872 tota
386 2826 599 2887 quadragesima,
618 2831 664 2876 sed
682 2832 715 2876 de
733 2824 1049 2886 hebdomadesspaschnlh
1073 2838 1141 2884 quae
1157 2823 1199 2872 in-

75 2909 139 2970 cipit
162 2923 178 2956 a
207 2911 321 2956 secunda
344 2909 410 2958 lenia
430 2910 535 2960 meionis
552 2915 742 2962 hebdomadae.
778 2911 920 2960 Confirmat
934 2912 1012 2974 'hanc
1039 2906 1199 2956 sententiam

13 2987 19 3006 ⁸
74 2993 216 3057 Dionysiae
233 2995 433 3043 Alexandrinus
449 2995 478 3043 in
495 2996 607 3057 epistola
625 3001 658 3044 ad
676 2996 838 3056 Basilicam,
862 2996 903 3042 his
920 2994 1025 3042 verber
1053 2989 1106 3040 aaa
1127 2988 1197 3055 μηδὲ

74 3075 119 3134 τὰς
137 3075 163 3135 ἓξ
179 3077 232 3126 τῶν
249 3063 489 3146 νηστιιαῖννμέραι
504 3079 567 3136 ἴσως
583 3080 650 3146 μηδὲ
670 3078 766 3146 ὁμοίως
783 3075 876 3134 πάντες
894 3076 1076 3141 διαμένουσιν·
1095 3071 1149 3124 ἀλλ’
1170 3075 1197 3125 oi

73 3167 120 3231 μὲν
145 3162 189 3211 καὶ
215 3161 299 3218 πασας
324 3161 522 3232 impulerant,
542 3177 592 3230 etc.
611 3178 639 3216 at
656 3181 746 3228 snpra·
780 3169 840 3216 Non
858 3179 935 3220 otum
950 3177 1002 3214 ovo
1019 3163 1128 3212 similius
1146 3172 1196 3221 eat,

74 3265 149 3311 qnam
171 3259 231 3298 sunt
255 3251 327 3298 iuter
351 3253 493 3300 assimilia
515 3255 584 3300 haec
600 3257 651 3302 dno
669 3257 740 3309 ioca,
759 3252 865 3300 irenaei
882 3265 912 3298 ac
929 3247 1065 3311 Dionysii,
1084 3251 1149 3296 adeo
1167 3257 1197 3296 ut

74 3335 213 3398 Dionysius
231 3349 289 3382 cunt
306 3338 372 3384 haec
388 3337 530 3397 scriberet,
549 3339 654 3387 irenaei
671 3341 759 3386 locum
775 3337 803 3386 in
820 3346 908 3384 menta
925 3334 1047 3382 habuisse
1072 3331 1138 3382 milri
1153 3332 1201 3396 ai-¹

74 3423 171 3469 dentur.
208 3419 314 3467 Tertius
335 3422 377 3470 nis
403 3422 509 3484 adiungi
534 3423 620 3483 potnit
642 3426 717 3474 locus
735 3419 877 3482 Epiphanii
898 3419 926 3466 in
945 3417 1112 3478 expositione
1129 3415 1213 3470 fidei.

74 3504 236 3561 Catholicae,
255 3517 330 3565 sopra
349 3505 402 3553 iam
420 3520 434 3552 a
452 3507 527 3555 nohis
545 3518 771 3556 commemoratus.
790 3505 884 3560 -1t)
904 3503 981 3552 Μίαν
997 3497 1106 3566 ἡμέραν.
1130 3499 1194 3549 Sine

74 3589 147 3637 dnbio
163 3589 291 3650 intelligit
307 3589 432 3638 irenaeus
449 3600 552 3640 sextam
569 3592 664 3640 leriam
682 3591 788 3640 maioris
804 3591 996 3636 hebdomadae.
1032 3587 1098 3640 (ium
1120 3583 1193 3634 enim

75 3675 105 3720 de
121 3673 219 3722 ieiunio
237 3673 353 3732 paschali
371 3676 510 3734 loquatur,
530 3684 556 3724 et
573 3679 697 3734 quosdam
715 3689 767 3724 uno
790 3676 917 3720 duntaxat
940 3672 983 3720 dia
1008 3669 1130 3736 ieiunare
1148 3667 1193 3716 di-

74 3769 127 3818 cat,
144 3771 220 3818 quem
237 3758 317 3806 alium
335 3757 405 3806 diem
422 3759 573 3820 intelligere
590 3769 689 3818 potest,
707 3773 784 3818 quam
802 3757 873 3804 diem
890 3753 1023 3815 paschae?
1059 3753 1103 3801 Sic
1121 3752 1192 3802 enim

1 3835 2 3838 ’
72 3845 208 3891 vocabatur
225 3843 280 3889 dies
297 3842 356 3898 ille,
373 3853 404 3890 ιιι
421 3857 457 3890 ex
474 3844 640 3893 Tertulliano
656 3842 814 3902 iampridem
831 3844 863 3888 ab
881 3841 940 3888 aliis
958 3843 1125 3889 observatum
1141 3845 1190 3887 eat.

1 3951 2 3954 ¹
74 3927 128 3997 Quo
143 3927 247 3987 quidem
259 3924 308 3974 ¹die
337 3928 480 3974 communia
499 3937 526 3974 et
542 3921 649 3988 publica
666 3923 759 3974 ieiunii
775 3924 869 3988 religio
887 3935 952 3982 erat,
968 3933 998 4000 ut
1014 3923 1106 3970 scribit
1123 3923 1190 3972 'iar-

73 4011 189 4059 tnilianus
205 4010 234 4059 in
250 4011 319 4059 libro
337 4014 371 4058 da
388 4011 515 4060 oratione.
552 4013 609 4079 Qua
627 4014 661 4060 de
678 4023 708 4058 re
725 4009 834 4070 insignis
852 4020 892 4058 est
909 4008 1046 4058 Methodii
1067 4005 1139 4055 locus'
1160 4004 1191 4054 in

74 4095 188 4144 convitio
204 4097 346 4161 virginum,
371 4096 491 4146 oratione
508 4097 587 4146 tertia
603 4097 648 4156 qni
665 4094 709 4142 laic
725 4104 840 4147 meretur
856 4093 984 4166 adscrilsit
1002 4087 1086 4156 ὥσπερ
1104 4084 1155 4163 γὰρ
1167 4090 1191 4137 st

1 4165 2 4186 ¹
75 4175 236 4247 ιιςένὴμὲρρ,
247 4179 296 4230 τοῦ
313 4177 400 4243 πάσχα
416 4180 460 4230 καὶ
476 4179 523 4243 τῆς
539 4179 659 4243 νηστείας
675 4175 823 4244 ἐπισφαλῶς
838 4175 1030 4249 νοσηλευρμένρ
1045 4174 1190 4244 προσέφερε

73 4260 178 4332 τροφὴν,Ι
195 4264 249 4316 ,καὶ
263 4264 367 4319 telasa
378 4263 422 4317 διὰ
439 4263 488 4329 σὴν
503 4261 645 4322 ἀσθένειαν
662 4261 863 4332 ἀπογεύσασθαι
886 4259 987 4332 ociter
1000 4260 1054 4336 atie
1070 4272 1190 4337 senape·
