2792 4930
277 242 571 365 ἱ,ΗΙΒΤΟΒΙΑΕ
591 242 778 314 oculus,
800 236 958 332 ΜΒΝ,
980 245 1035 316 at.
1138 253 1201 318 121

66 437 127 486 dics
152 435 291 489 ieiunant?
326 437 370 488 Aa
396 440 444 487 hos
471 448 541 488 certe
558 439 698 486 referenda
725 437 812 498 potius
830 436 974 497 fvidentnr,
998 445 1091 500 utpote
1107 441 1203 495 ultimo

65 524 129 572 loco
147 524 255 583 positos.
290 525 348 572 Iam
364 539 428 574 rer-o
446 523 467 572 si
485 525 584 592 sdyhos
601 524 742 582 retuleris,
760 523 830 572 illud
851 525 1000 572 necessario
1019 537 1202 588 consequetur,

66 620 116 656 eos
142 609 186 668 qni
205 609 376 670 quadraginta
395 609 451 657 dies
468 609 639 666 ieinnnbaut,
666 618 721 657 tcto
739 610 788 655 illo
807 589 926 668 tempore
944 609 1011 656 nihil
1032 597 1137 668 prorsus
1157 628 1201 662 cc·

65 692 200 751 medlsse,
236 696 448 754 quandoquidem
474 696 624 742 horestem
652 705 794 740 nocturnas
813 709 891 753 quam
909 694 1017 741 diurnas
1038 693 1137 744 ieiunio
1155 701 1201 747 de·
1255 739 1257 744 .

65 781 207 837 putabant.
243 763 438 836 Deindevcum¹
453 781 576 826 lrenocns
602 776 655 824 iam
673 779 773 828 dixerit
791 778 856 826 alios
873 793 927 826 uno
945 779 1006 838 die,
1026 780 1090 828 alios
1109 783 1202 842 biduo,

5 853 6 860 ’
65 861 134 910 alios
151 848 215 912 vero
234 863 353 922 pluribus
368 863 462 912 diebus
479 863 606 919 ieiunare,
625 865 687 924 quid
704 877 812 912 necesse
829 872 868 910 est
886 865 984 910 addere
1001 863 1067 912 alios
1086 869 1200 924 qnadra-

65 947 258 1006 gintadiebus
283 947 421 1008 ieiunare,
450 962 510 999 cum
530 949 560 996 in
583 963 615 997 eo
639 950 710 1016 quod
733 951 823 1008 plures
841 947 898 994 dies
915 948 1002 1023 disis,
1029 952 1202 1013 quadraginta

65 1029 143 1080 saus·
157 1033 433 1092 comprehendantur?
468 1032 568 1083 Verior
584 1033 673 1092 itaque
692 1041 731 1080 est
753 1041 901 1080 nostrornm
925 1033 1044 1097 codicum
1061 1035 1198 1098 scriptura,
1284 1037 1290 1042 '

67 1130 147 1174 qnam
173 1118 313 1166 Masculus
336 1117 364 1164 in
386 1117 605 1177 interpretatione
631 1132 676 1164 sua
695 1117 811 1164 fideliter
829 1115 959 1176 expressit
977 1119 1027 1165 hcc
1044 1122 1140 1168 modo:
1169 1121 1200 1173 Si

65 1198 171 1263 quidem
188 1200 396 1250 dissuaserat·
411 1201 478 1248 diem
495 1200 661 1251 ieiutmudum
679 1217 729 1250 esse
744 1209 848 1264 putant,
871 1201 921 1248 alii
936 1199 1021 1261 duas,
1038 1203 1087 1250 alii
1100 1204 1196 1266 plures,

68 1277 121 1332 alit
136 1286 315 1350 quudrnffintn
330 1286 407 1334 haras
424 1284 532 1334 diurnus
548 1293 573 1334 et
589 1293 725 1335 noetianos
742 1293 931 1348 consputuntes,
956 1285 1024 1332 diem
1047 1301 1118 1337 mum
1143 1297 1199 1338 sla-

66 1375 156 1419 taust.
193 1372 268 1426 [Vid.
288 1373 415 1420 ducentos
432 1371 495 1420 vu.
531 1373 580 1425 la]
618 1357 764 1418 Constituto
781 1370 834 1418 ianr
850 1370 965 1418 lectione
983 1371 1058 1420 huius
1076 1372 1144 1432 loci,
1164 1377 1198 1424 ad

67 1451 142 1504 illius
168 1455 360 1516 expositionem
383 1455 528 1504 veniamus.
563 1454 613 1504 nit
638 1455 716 1516 igitur
734 1457 861 1512 irenaeus
879 1458 1007 1514 quosdam
1024 1457 1198 1518 quadraginta

66 1525 200 1588 coutinuis
217 1540 289 1590 horis
307 1541 407 1610 diurnis
424 1540 503 1588 nmul
520 1555 550 1586 oc
567 1540 700 1588 nocturnis
718 1540 856 1588 ieiunasse.
892 1541 959 1587 Sunt
983 1540 1026 1599 qui
1045 1541 1199 1594 existiment

67 1621 121 1670 lrcc
139 1623 306 1686 qinodraginta
325 1628 450 1675 horarum
467 1624 596 1672 ieiunium
613 1628 645 1672 ob
664 1625 718 1672 illis
737 1627 897 1672 celebratum
913 1625 994 1672 fuisse
1006 1625 1033 1672 in
1045 1627 1199 1678 memoriam
1219 1629 1222 1638 '

67 1707 152 1766 spatii
167 1709 255 1766 illius,
270 1733 272 1740 ·
286 1713 355 1769 quod
378 1725 392 1756 a
410 1721 493 1758 morte
512 1709 607 1758 Christi
630 1710 663 1756 nd
690 1709 745 1756 eius
763 1710 982 1758 resurrectionem
1000 1695 1130 1760 interfuit.
1165 1713 1198 1760 ld

69 1803 161 1842 nutem
185 1795 297 1853 spatium
322 1794 372 1842 init
397 1797 521 1842 horarum
544 1793 647 1840 circiter
665 1792 850 1854 quadraginta,
869 1797 901 1840 ab
919 1796 984 1840 hora
1002 1795 1103 1844 scilicet
1120 1807 1196 1846 sexta

67 1870 229 1936 parasceves
247 1884 333 1938 usque'
343 1883 374 1926 ad
385 1880 530 1928 diluculum
546 1878 645 1937 primae
660 1877 753 1926 feriae.
773 1877 830 1939 Ego
847 1893 919 1934 vero,
938 1879 1005 1926 illud
1023 1881 1198 1942 quadraginta

67 1962 195 2018 horarum
219 1963 346 2017 ieiunium
372 1967 403 2012 ab
428 1965 469 2012 his
492 1963 577 2024 potius
595 1965 755 2010 celebratum
772 1975 828 2010 esse
848 1963 1004 2014 crediderim
1022 1965 1049 2010 in
1069 1965 1198 2014 honorem

69 2059 102 2094 ac
125 2050 279 2098 memoriam
305 2049 474 2108 quadraginta
498 2048 600 2095 dierum
618 2062 648 2093 ac
665 2047 797 2108 noctium,
816 2047 907 2107 quibus
925 2048 1042 2095 Christus
1059 2047 1088 2096 in
1105 2049 1197 2098 solitu-

69 2131 134 2180 dine
156 2132 292 2190 ieiunavit.
327 2133 477 2182 Nam-cum
499 2123 602 2180 veteres
626 2131 667 2185 illi
695 2131 825 2180 Christum
849 2133 966 2180 erunibus
990 2132 1074 2180 modis
1096 2130 1196 2181 imitari

69 2220 225 2278 studerent,
243 2217 370 2266 ieiunium
387 2218 454 2286 illud
473 2216 642 2283 quadraginta
662 2217 781 2275 dierum,
801 2220 869 2275 quod
886 2231 966 2276 supra
983 2219 1109 2264 humanas
1126 2217 1197 2266 vireo

68 2312 146 2358 erat,
165 2306 214 2350 hcc
231 2305 324 2350 saltem
341 2301 510 2362 quodraginta
528 2304 651 2366 horarum
668 2301 769 2350 ieiunio
788 2305 998 2350 aetnrrlabautur·
1034 2301 1097 2348 'l'ria
1115 2301 1197 2362 igitur

68 2399 105 2434 ex
122 2389 173 2436 hcc
190 2387 294 2434 Ireuoei
311 2389 369 2434 lccc
389 2369 545 2446 colligimus.
581 2385 698 2434 Primum
717 2396 772 2444 est,
790 2385 917 2460 ieiunium
935 2387 1116 2446 antepaschale
1143 2385 1196 2434 ism
1253 2371 1269 2380 ’

66 2469 132 2524 iude
158 2473 190 2516 ab
213 2470 358 2528 apostolicis
384 2470 544 2530 temporibus
567 2485 671 2530 sempor
688 2471 717 2518 itt
735 2470 845 2520 ecclesio
867 2470 989 2526 usitatum
1015 2469 1107 2518 inisse.
1143 2469 1195 2518 Al*

68 2563 175 2613 terum,
198 2554 325 2602 ieiunium
351 2555 416 2602 illud
441 2554 614 2603 inhonorem
632 2555 845 2615 quadragesimae
865 2555 962 2602 Christi
978 2553 1058 2602 fnisse
1077 2558 1195 2603 celebra·

67 2648 134 2686 tum.
170 2640 324 2697 Postremo,
347 2639 421 2686 varie
439 2629 454 2686 a
471 2639 552 2698 ratiis
568 2640 648 2688 fnisse
665 2639 818 2687 ieiunatum·
853 2638 964 2696 semper
990 2648 1076 2688 autem
1101 2639 1194 2687 memi-

67 2724 139 2772 nisse
156 2726 298 2782 debemus,
325 2726 464 2774 Irenaeum
488 2722 531 2770 hic
552 2711 623 2783 loqui
642 2727 675 2770 de
692 2723 790 2772 ieiunio
808 2708 1041 2782 superpositionis,
1061 2708 1128 2781 quod
1147 2733 1195 2782 per

67 2821 193 2868 magnam
210 2811 399 2857 hebdomadam
417 2823 432 2856 a
450 2808 602 2876 Christianis
621 2811 809 2856 celebrabatur.
829 2808 952 2856 Ceterum
974 2810 1057 2855 semel
1083 2807 1195 2860 admisso
1230 2803 1231 2814 ¹

68 2891 239 2943 hebdomadis
263 2893 389 2953 paschalis
410 2892 528 2952 ieiunio,
551 2893 630 2940 etiam
648 2892 845 2954 quadragesima
863 2891 1024 2946 admittenda
1043 2899 1091 2940 est.
1127 2892 1195 2940 Nam

68 2977 214 3027 hebdomas
231 2979 376 3038 paschalis,
395 2993 455 3040 pars
473 2987 512 3026 cst
529 2977 753 3040 quadragesimae.
789 2976 831 3026 ilc
852 2975 984 3024 interdum
1002 2975 1109 3036 quidem
1125 2974 1194 3023 ieiu-

67 3061 143 3112 m'nm
165 3063 237 3111 iliius
263 3064 432 3112 hebdomadis
456 3061 581 3124 distingui
607 3062 727 3118 videmus
750 3077 765 3108 n
788 3060 887 3110 ieiunio
905 3053 1138 3122 quadragesimae,
1163 3066 1195 3108 nt

68 3149 138 3208 opud
157 3148 334 3208 Epiphanium
351 3148 379 3197 in
397 3149 562 3208 expositione
584 3147 662 3208 fidei,
687 3149 756 3206 apud
774 3147 936 3194 Clementem
953 3145 981 3192 in
1000 3147 1197 3196 constitutioni·

68 3233 118 3278 bus
136 3233 295 3292 apostolicis.
315 3234 367 3284 Sed
385 3243 411 3282 et
428 3227 502 3282 vetns'
520 3243 611 3281 auctor
628 3233 656 3280 in
674 3240 785 3282 tractatu
803 3240 894 3279 contra
912 3231 1120 3290 Graecos‘quem
1138 3229 1196 3280 edi-

70 3315 110 3362 dit
128 3315 221 3364 Petrus
238 3319 384 3368 Stenartius
400 3318 429 3365 in
447 3329 517 3368 tomo
535 3317 663 3380 singulari
680 3315 824 3377 insignium
849 3324 985 3362 auctorum
1001 3329 1061 3378 pag.
1081 3316 1141 3364 599.
1161 3317 1195 3364 do
1225 3303 1231 3320 ⁸

69 3400 178 3448 Graecis
205 3401 241 3449 ito
270 3401 377 3452 scribite
414 3404 468 3452 Nec
491 3401 714 3468 quadragesimum
744 3399 870 3447 celebrant
880 3379 894 3457 ,¹
915 3413 970 3445 cunt
996 3398 1196 3464 quadragesimo

66 3483 104 3532 ot't
129 3481 254 3534 ieiunium
279 3479 458 3552 qrtndragt'uta
483 3485 590 3536 dieram.
625 3484 681 3550 Ipsi
701 3499 758 3533 vero
783 3482 906 3544 maiorem,
926 3482 1094 3542 septimanum
1113 3500 1129 3530 a
1146 3479 1196 3530 sats²

67 3583 139 3616 mero
155 3567 370 3635 quadragesimae
386 3571 556 3630 secludentes,
582 3585 625 3620 sex
640 3567 802 3618 heddomadis
818 3565 1044 3634 quadragesimam
1062 3567 1195 3618 claudunt.

69 3654 119 3702 Tot
135 3654 202 3702 enim
218 3665 277 3710 eunt
294 3672 311 3702 o
325 3655 411 3719 prima
428 3671 511 3704 ectum
528 3654 686 3718 septimana,
714 3669 792 3720 usque
808 3649 844 3699 cd
860 3651 991 3700 sabbatum
1013 3651 1079 3718 quod
1093 3653 1196 3716 palma·
1259 3697 1266 3706 ,

65 3751 127 3808 rum
144 3754 228 3794 ramos
240 3739 381 3803 praecedit.
417 3742 448 3787 In
465 3756 514 3806 quo
531 3739 709 3787 anniversaliter
725 3736 757 3784 ab
773 3735 825 3783 illis
843 3742 980 3784 cantatur.-
1018 3737 1089 3798 Quae
1106 3735 1196 3784 anima

5 3867 6 3884 3
65 3820 141 3868 utilis
157 3831 194 3870 est
211 3826 360 3888 ccrnplemus
376 3823 608 3890 quadragesimam.
643 3823 733 3871 Verba
751 3830 810 3868 tunt
829 3832 865 3866 ex
882 3817 968 3868 officio
987 3823 1150 3870 Graecorum
1167 3820 1197 3870 in

66 3907 180 3956 sabbato
206 3919 267 3958 anto
291 3897 448 3960 dominicam
466 3911 619 3968 palmarum.
637 3923 639 3929 ⁴
655 3907 758 3954 Verum
775 3917 861 3963 neque
878 3903 921 3950 hic
939 3915 1048 3965 auctor,
1073 3919 1123 3954 nec
1139 3908 1197 3966 ple·

66 3990 147 4049 rique
171 3992 218 4040 alii
245 3995 406 4044 recentiores
432 3993 493 4042 setis
521 3989 688 4040 intellexisse
705 3988 769 4036 milri
789 3989 928 4047 ridentur,
956 4004 1002 4040 cur
1020 3992 1085 4037 haec
1102 4001 1196 4050 mogun

65 4076 213 4138 hebdomas
230 4078 362 4126 interdum
379 4077 551 4140 distinguatur
567 4091 582 4123 n
600 4074 806 4136 quadragesima.
840 4074 901 4122 Non
918 4073 989 4121 euim
1006 4074 1042 4121 ita
1060 4071 1198 4134 distingui·-¹

65 4171 131 4221 tur,
157 4163 231 4222 qnasi
254 4177 352 4212 revera
377 4177 431 4212 non
453 4160 582 4225 pertinent
599 4163 633 4208 od
655 4157 888 4221 quadragesimam.
923 4159 1025 4207 Verum
1042 4159 1075 4204 ab
1091 4157 1138 4204 illa
1157 4159 1172 4184 .·

63 4245 229 4331 sonentur,
239 4257 272 4296 at
288 4262 349 4310 pars
360 4263 381 4301 n
399 4257 471 4316 toto·
501 4245 554 4317 qu
570 4253 692 4316 artemia
709 4242 909 4308 qnadragesima
924 4241 1057 4318 interdum
1075 4239 1137 4290 disti
