2738 4926
212 165 259 315 ta
325 259 328 264 ·
433 241 463 352 j
542 210 990 310 ausaaurmtrmm

215 415 342 498 ζομὲνης
366 412 462 480 αὐτοῦ
490 401 547 492 τ’ἦς
580 405 745 499 στρατιᾶς,
775 413 807 476 ἒν
836 410 995 502 σίμηχανΙρ
1015 411 1183 494 γενέσθαι,
1219 409 1291 490 νοός
1310 413 1337 476 tt

214 521 267 586 tut
293 521 349 597 τῆς
384 516 550 594 Μιλιτννῆς
579 521 612 600 ²)
645 515 724 581 οὗτοι
756 509 942 596 ’καλουμένης
972 517 1115 600 λεγιώνος
1147 512 1336 601 στρατιώτας

212 618 269 688 ’διδ
299 629 430 699 πίστεως
457 623 490 697 τ”ξ
520 621 635 684 ἐκείνου
659 621 710 683 ναὶ
733 621 778 693 εἰς
799 619 890 702 δεῦρο
912 617 1120 697 συνεστώσης,
1145 613 1180 684 ἓν
1207 620 1247 707 τῇ
1266 615 1337 702 πρός

214 724 287 802 τοδς
308 733 472 808 πολεμίους
492 721 662 806 παρατάξει
680 720 755 807 γόνυ
772 721 886 796 θέντας
907 723 959 785 ἐπὶ
979 720 1036 800 τήν
1057 725 1114 805 γῆν
1135 720 1220 788 νατώ
1242 719 1277 788 τό
1298 723 1340 786 oi·

215 835 296 898 νττῖον
317 828 390 912 ἡμῖν
410 834 473 894 τῶν
495 826 593 907 εὐχῶν
615 824 699 902 ἔθος,
717 827 765 888 εἰτῖ
785 823 840 899 τοίς
861 822 940 910 πρός
961 823 1016 891 τόν
1031 825 1107 890 θεόν
1124 830 1248 901 ἱκεσίας
1269 849 1337 908 τροτ-

216 935 345 1000 νιόσθαο.
389 930 575 1014 Παραδόξου
597 931 629 994 δὲ
651 931 715 1002 τοῖς
736 931 891 1010 πολεμίους
909 930 964 993 τοῦ
986 927 1127 996 τοιούτου
1158 929 1198 1006 δη
1222 927 1338 1010 θεόμο-

216 1063 268 1113 τος
289 1036 450 1120 φανέντος,
474 1030 544 1098 ἄλλό
567 1059 598 1097 τι
620 1031 707 1115 λόγος
736 1029 801 1112 ἔχει
829 1030 1074 1116 παραδοξότερον
1102 1030 1339 1112 δπικαταλαβεῖν

217 1143 346 1210 airino·
371 1134 511 1218 σκηπτόν
529 1138 647 1219 μδνζείς
664 1130 763 1218 φυγήν
781 1136 832 1196 ναὶ
854 1133 1007 1200 α’πώλειαν
1026 1135 1257 1202 συνιλαόνοντα
1277 1130 1338 1208 τοός

216 1247 395 1327 πολεμίους,
422 1241 539 1323 ’ὄμβρον
568 1243 600 1303 δὲ
631 1240 682 1305 ἐπὶ
709 1235 769 1314 την
798 1237 860 1302 τοῖν
887 1235 922 1300 τό
953 1241 1042 1302 θεῖον
1063 1236 1338 1322 παρακεκληκότων

217 1346 384 1436 στρατιοῖν,
419 1331 524 1407 πᾶσαν
556 1339 653 1416 αὐτὴν
677 1342 713 1402 τἰι
741 1340 795 1402 τοῦ
819 1342 929 1421 δι’ψους
974 1343 1144 1424 μέλλουσαν
1163 1343 1241 1408 ὅσον
1260 1339 1337 1404 uiuo

218 1449 505 1533 διαφθαρήσεσθαι,
529 1441 750 1524 ἅνακτώμινον.
792 1440 842 1506 ‘H
866 1445 898 1508 δὲ
921 1448 1040 1527 ἱστορία
1062 1445 1193 1527 φέρεται
1214 1449 1273 1526 μὲν
1294 1443 1338 1506 ιώ

214 1557 302 1638 παρὰ
322 1555 384 1626 τοῖς
406 1539 680 1634 πόρρώτοῦναθ’
701 1545 782 1626 ἡμᾶς
805 1544 894 1639 λόγου
915 1550 1159 1632 συγγραφεῦσιν,
1184 1549 1233 1623 οἷς
1254 1547 1338 1632 μέλον

217 1662 323 1745 γε’γονι,
350 1658 404 1731 τῆς
435 1652 513 1716 κατὰ
541 1648 613 1724 τούς
642 1650 840 1732 δηλουμένους
873 1657 1013 1744 γραφῆς,
1043 1653 1214 1728 δεδήλωται
1237 1656 1270 1716 δὲ
1292 1650 1337 1714 ναὶ

158 1777 160 1786 ’
216 1760 296 1847 πρός
315 1759 377 1826 τών
399 1757 561 1838 ἡμετέρων.
605 1749 701 1816 'Atti
723 1755 786 1826 τοῖς
806 1754 862 1834 μὲν
882 1751 999 1830 ἔξωθεν
1020 1758 1187 1837 ἱστορικοῖς
1210 1755 1266 1819 ἅτε
1288 1753 1336 1829 τῆς

216 1871 346 1936 stinctae
367 1859 545 1933 οἶιοινειύις,
568 1855 705 1921 τέθειται
724 1859 781 1938 μὲν
801 1855 835 1920 τό
858 1854 1043 1939 παράδοξον,
1064 1857 1100 1922 οὐ
1121 1858 1184 1939 μην
1207 1861 1262 1924 καὶ
1277 1858 1336 1927 ταῖς

218 1970 279 2036 τών
292 1964 454 2047 ἡμετέρων
475 1959 581 2044 εὐχαῖς
603 1969 633 2042 ³)
654 1959 744 2024 τοῦτο
766 1958 950 2044 ώμολογηθη
973 1962 1144 2047 γεγονέναι·
1165 1953 1233 2039 τοῖς
1254 1961 1289 2024 δι’
1307 1980 1335 2041 γε

217 2130 437 2161 μ

170 2229 173 2238 ‘
219 2259 278 2294 eum
302 2251 390 2291 tamen
414 2251 481 2286 unus
498 2235 620 2296 idemque
636 2234 717 2284 fuerit
734 2235 777 2285 Μ.
795 2235 923 2284 Aurelius
939 2235 1100 2285 Antoninus.
1135 2235 1228 2285 Huius
1254 2242 1336 2282 nutem

219 2327 356 2388 adoptivus
373 2325 456 2372 irater
468 2353 476 2379 ,
502 2335 557 2370 non
574 2323 701 2379 llIarcus,
725 2323 772 2367 sed
798 2321 891 2368 Lucius
913 2321 1007 2368 Aelius
1025 2321 1218 2370 Vernantes
1236 2329 1292 2378 est,
1309 2323 1336 2364 ut

218 2411 305 2462 cuncti
322 2409 416 2458 sciunt.
452 2407 553 2456 Verum
570 2405 591 2454 is
610 2405 655 2465 qui
672 2413 762 2453 eontra
780 2405 925 2454 Germanos
943 2415 969 2454 et
986 2407 1116 2454 Sarmatae
1141 2405 1287 2467 pugnavit,
1312 2408 1336 2448 et

218 2498 262 2546 oui
279 2491 403 2556 pugnanti
420 2468 588 2549 repentinum
605 2489 717 2536 imbrem
733 2492 766 2536 ad
783 2492 925 2538 sedandam
941 2489 1055 2538 militum
1071 2490 1141 2538 sitim
1166 2493 1234 2540 tiens
1251 2489 1335 2538 indul·

218 2583 266 2637 sit,
283 2593 337 2627 τιοτι
355 2585 394 2625 σιτ
411 2574 505 2621 Lucius
519 2573 618 2621 *Aelius
635 2570 737 2632 Verus,
755 2577 802 2622 sed
815 2573 859 2623 M.
877 2574 1003 2623 Aurelius
1019 2574 1182 2633 Antoninus,
1201 2585 1233 2626 ut
1250 2583 1334 2624 omnet

217 2663 335 2714 historici
360 2669 505 2718 testantur,
537 2668 564 2706 et
587 2659 645 2720 ipse
667 2658 796 2706 Eusebius
819 2658 848 2706 in
864 2658 1003 2719 chronico,
1030 2659 1075 2719 qui
1091 2659 1120 2706 id
1136 2659 1239 2707 iactum
1255 2659 1335 2706 refert

219 2763 288 2798 anno
315 2744 356 2794 tt.
379 2743 524 2800 Antonini,
548 2741 576 2788 id
598 2753 654 2801 est,
679 2753 792 2803 quatuor
814 2752 859 2789 ant
880 2744 994 2803 quinque
1020 2742 1093 2792 annis
1110 2751 1170 2803 post
1188 2743 1289 2793 obitum
1305 2741 1333 2787 L·

218 2833 293 2884 Aelii
310 2829 385 2880 Veri.
404 2855 437 2867 -·
472 2829 499 2884 2)
521 2823 588 2881 Τοὺς
607 2824 647 2874 λιτὶ
663 2825 709 2888 τῆς
727 2825 881 2887 Μελιτίνης.
900 2828 1054 2888 Xipbilinus
1070 2823 1133 2882 τοὺς
1150 2822 1203 2875 eni
1223 2824 1334 2876 Μτλιτι-

218 2917 263 2980 τῆς
280 2919 370 2973 babet,
389 2911 462 2972 quasi
478 2913 604 2961 Μαλλοῖσι
622 2926 719 2962 nomen
736 2911 817 2960 inerit
833 2927 887 2961 non
902 2911 1012 2973 legionis
1028 2912 1109 2972 ipsius
1124 2923 1159 2970 ,ut
1174 2916 1234 2963 vult
1250 2913 1333 2962 Euse-

217 3005 297 3059 bius,
315 3002 360 3048 sed
378 2997 464 3056 potius
480 2997 595 3059 regionis
612 3012 647 3048 ex
664 3011 716 3057 qua
733 2998 847 3058 primum
863 2996 1002 3056 conscripti
1018 2997 1124 3044 inerant
1145 2998 1255 3047 milites.
1289 2997 1333 3044 Est

218 3095 305 3135 autem
330 3079 456 3128 Melitine
487 3081 561 3142 regio
585 3075 780 3142 cappadociae,
814 3069 885 3128 inter
907 3080 1108 3140 Commagenem
1132 3091 1159 3130 et
1184 3081 1332 3132 Cataoniam

217 3170 284 3229 sita,
302 3175 366 3214 teste
384 3164 511 3212 Strabone
529 3165 556 3212 in
573 3167 620 3215 lib.
639 3167 704 3216 xli.
722 3165 767 3226 qni
784 3179 844 3214 eam
859 3167 944 3213 nullut
961 3163 1080 3214 babuisse
1097 3169 1174 3214 urbes
1192 3163 1268 3218 aicit.
1286 3168 1333 3214 Pe·

152 3295 154 3302 .
218 3265 272 3306 ntea
295 3262 382 3298 tamen
404 3248 529 3295 Melitina
552 3253 613 3298 urbs
636 3250 737 3298 exstitit
754 3250 815 3298 satis
833 3248 946 3307 nobilis,
971 3263 1038 3308 quae
1055 3264 1122 3298 nora
1139 3251 1332 3310 provinciarum

218 3337 346 3386 divisione
362 3334 449 3392 iacta,
473 3329 569 3382 minori
586 3333 729 3382 Armeniae
746 3332 869 3382 attributa
887 3342 942 3390 est,
967 3343 997 3381 ut
1013 3337 1089 3384 docet
1104 3334 1193 3384 Amm.
1212 3337 1332 3384 Marcel-

217 3424 305 3486 linus,
325 3419 369 3479 qui
387 3416 492 3477 quidem
510 3432 568 3464 eam
585 3432 688 3480 semper
704 3414 855 3465 Melitinam
872 3416 998 3467 nominat.
1017 3420 1047 3468 ln
1065 3419 1154 3466 codice
1171 3419 1329 3470 Man-Med.

217 3508 285 3555 Fuit.
313 3513 340 3552 et
365 3501 499 3550 Saviliano
522 3500 642 3550 scribitur
665 3499 818 3564 Μιλιτινῆς,
837 3513 946 3552 accentu
962 3503 992 3550 in
1008 3502 1100 3551 ultima
1117 3505 1230 3565 syllaba.
1268 3505 1330 3564 [Aa

218 3593 312 3647 rerba,
337 3599 405 3647 quae
427 3585 512 3633 statim
537 3597 602 3646 post
622 3597 768 3647 sequuntur
790 3583 852 3652 γόνιι
876 3588 1023 3642 θέντος-
1039 3613 1074 3626 -
1090 3585 1154 3642 ἕδος
1180 3591 1329 3651 ct.11‚23.

137 3701 145 3715 .
217 3669 374 3736 Augusti
400 3669 652 3733 Deniwiirdt'gltet'ten
672 3674 706 3720 T.
724 3671 760 3722 V.
779 3690 806 3734 p.
825 3673 875 3723 395
892 3688 930 3733 tq.
967 3674 1022 3728 Ε]
1040 3699 1072 3709 -
1107 3675 1133 3730 3)
1154 3668 1193 3721 Ol
1214 3672 1268 3740 μὴν
1290 3668 1330 3721 καλ

218 3757 270 3806 τῶν
289 3753 419 3822 ἡμετέρων
438 3749 530 3814 εὐχαῖς.
567 3757 683 3806 Gentiles
701 3757 842 3819 scriptores
860 3758 903 3817 qui
921 3757 997 3806 buius
1013 3756 1053 3804 rei
1070 3758 1260 3819 meminerunt,
1289 3757 1330 3808 alii

211 3827 341 3906 'quidem
360 3854 493 3902 magorum
510 3839 727 3890 incantationibus
745 3843 862 3902 pluviam
878 3843 1043 3904 impetratam
1059 3854 1116 3890 esse
1134 3843 1268 3904 dixerunt,
1286 3840 1330 3890 alii

219 3941 282 3979 vero
299 3924 420 3987 precibus
437 3924 501 3984 imp.
519 3924 618 3973 Marci.
636 3927 676 3972 Ita
693 3927 855 3986 Capitolinus
871 3926 899 3975 iu
915 3927 1025 3984 Marco,
1043 3933 1070 3972 et
1087 3926 1242 3976 Claudianus
1259 3928 1287 3976 in
1303 3928 1326 3974 6.

220 4013 357 4061 consulatu
373 4007 496 4058 Hortarii.
533 4008 605 4080 Quin
622 4010 702 4057 etiam
718 4011 872 4071 precationis
889 4010 970 4070 ipsius
987 4012 1066 4058 rerba
1082 4011 1201 4060 referunt
1210 4047 1219 4074 ,
1239 4013 1329 4073 quibat

219 4111 281 4144 usus
299 4102 338 4142 est
353 4093 472 4141 Marcus.
509 4091 594 4150 Hauc,
611 4092 704 4152 inquit,
723 4097 844 4144 dextram
862 4098 894 4143 ed
911 4104 938 4142 te
955 4093 1055 4153 Iupiter
1072 4099 1162 4159 tentio,¹
1187 4111 1254 4159 quae
1271 4095 1328 4146 nul-

219 4179 273 4230 lius
294 4191 408 4238 unquam
429 4177 583 4238 sauguinem
607 4176 685 4225 indit.
721 4179 878 4230 'l'bemistius
894 4178 924 4226 in
941 4177 1060 4230 oratione
1077 4184 1195 4234 noudum
1211 4180 1281 4231 edita
1297 4177 1329 4225 etl

221 4265 408 4326 imperatorem
425 4261 612 4321 Theodosium,
631 4260 871 4322 quaeinscribiturs
905 4261 946 4320 τίς
962 4257 1182 4330 ἡβασιλινατάτη
1199 4263 1252 4316 τῶν
1269 4259 1329 4329 ipe-
